@ARTICLE{1973-ShakuraSunyaev,
   author = {{Shakura}, N.~I. and {Sunyaev}, R.~A.},
    title = "{Black holes in binary systems. Observational appearance.}",
  journal = {\aap},
     year = 1973,
   volume = 24,
    pages = {337-355},
   adsurl = {http://adsabs.harvard.edu/abs/1973A%26A....24..337S},
  adsnote = {Provided by the SAO/NASA Astrophysics Data System}
}

@ARTICLE{1979-GaleevRosnerVaiana,
    author = {{Galeev}, A.~A. and {Rosner}, R. and {Vaiana}, G.~S.},
    title = "{Structured coronae of accretion disks}",
    journal = {\apj},
    keywords = {Binary Stars, Coronas, Cosmic X Rays, Magnetohydrodynamics, Stellar Mass Accretion, X Ray Sources, Buoyancy, Convection Currents, Cooling, Energy Dissipation, Interstellar Gas, Interstellar Magnetic Fields, Stellar Luminosity, Thermal Plasmas},
    year = 1979,
    month = apr,
    volume = 229,
    pages = {318-326},
    doi = {10.1086/156957},
    adsurl = {http://adsabs.harvard.edu/abs/1979ApJ...229..318G},
    adsnote = {Provided by the SAO/NASA Astrophysics Data System}
}

@ARTICLE{1985-Elvis,
    author = {{Elvis}, M. and {Wilkes}, B.~J. and {Tananbaum}, H.},
    title = "{The diversity of soft X-ray spectra in quasars}",
    journal = {\apj},
    keywords = {Astronomical Spectroscopy, Quasars, X Ray Sources, X Ray Spectra, Background Radiation, Emission Spectra, Heao 2, Interstellar Matter, Power Spectra, Seyfert Galaxies},
    year = 1985,
    month = may,
    volume = 292,
    pages = {357-361},
    doi = {10.1086/163166},
    adsurl = {http://adsabs.harvard.edu/abs/1985ApJ...292..357E},
    adsnote = {Provided by the SAO/NASA Astrophysics Data System}
}

@ARTICLE{1987-Pounds-Mkn335,
    author = {{Pounds}, K.~A. and {Stanger}, V.~J. and {Turner}, T.~J. and 
    {King}, A.~R. and {Czerny}, B.},
    title = "{Discovery of a strong soft X-ray excess in MKN 335 - Evidence for an accretion disc?}",
    journal = {\mnras},
    keywords = {Accretion Disks, Astronomical Spectroscopy, Black Holes (Astronomy), Seyfert Galaxies, Spaceborne Astronomy, X Ray Spectra, Astronomical Models, Exosat Satellite, Radiation Pressure, Variability},
    year = 1987,
    month = jan,
    volume = 224,
    pages = {443-452},
    doi = {10.1093/mnras/224.2.443},
    adsurl = {http://adsabs.harvard.edu/abs/1987MNRAS.224..443P},
    adsnote = {Provided by the SAO/NASA Astrophysics Data System}
}

@ARTICLE{1987-CzernyElvis,
    author = {{Czerny}, B. and {Elvis}, M.},
    title = "{Constraints on quasar accretion disks from the optical/ultraviolet/soft X-ray big bump}",
    journal = {\apj},
    keywords = {Accretion Disks, Quasars, Spectral Energy Distribution, Ultraviolet Spectra, Visible Spectrum, X Ray Spectra, Astronomical Models, Astronomical Spectroscopy, Constraints, Electron Scattering, Opacity},
    year = 1987,
    month = oct,
    volume = 321,
    pages = {305-320},
    doi = {10.1086/165630},
    adsurl = {http://adsabs.harvard.edu/abs/1987ApJ...321..305C},
    adsnote = {Provided by the SAO/NASA Astrophysics Data System}
}

@ARTICLE{1988-Madau,
    author = {{Madau}, P.},
    title = "{Thick accretion disks around black holes and the UV/soft X-ray excess in quasars}",
    journal = {\apj},
    keywords = {Accretion Disks, Black Holes (Astronomy), Quasars, Thermal Emission, Ultraviolet Radiation, X Ray Sources, Active Galactic Nuclei, Angular Momentum, Black Body Radiation, Computational Astrophysics, Seyfert Galaxies},
    year = 1988,
    month = apr,
    volume = 327,
    pages = {116-127},
    doi = {10.1086/166175},
    adsurl = {http://adsabs.harvard.edu/abs/1988ApJ...327..116M},
    adsnote = {Provided by the SAO/NASA Astrophysics Data System}
}

@INPROCEEDINGS{1989-SuniajewTitarczuk,
	author = {{Sunyaev}, R.~A. and {Titarchuk}, L.},
	title = "{X ray burster spectra in the state of the persistent flux level. Two temperature models of the neutron star atmosphere}",
	keywords = {Accretion Disks, Neutron Stars, Radio Bursts, Stellar Atmospheres, Stellar Models, Stellar Temperature, Compton Effect, Radiative Transfer, Stellar Luminosity, Stellar Mass Accretion, X Ray Astronomy, X Ray Binaries, X Ray Spectra},
	booktitle = {Two Topics in X-Ray Astronomy, Volume 1: X Ray Binaries.  Volume 2: AGN and the X Ray Background},
	year = 1989,
	series = {ESA Special Publication},
	volume = 296,
	editor = {{Hunt}, J. and {Battrick}, B.},
	month = nov,
	adsurl = {http://adsabs.harvard.edu/abs/1989ESASP.296..627S},
	adsnote = {Provided by the SAO/NASA Astrophysics Data System}
}

@ARTICLE{1991-HaardtMaraschi,
    author = {{Haardt}, F. and {Maraschi}, L.},
    title = "{A two-phase model for the X-ray emission from Seyfert galaxies}",
    journal = {\apjl},
    keywords = {Accretion Disks, Astronomical Models, Emission Spectra, Seyfert Galaxies, X Ray Spectra, Computational Astrophysics, Galactic Nuclei, Gravitational Effects, Interstellar Magnetic Fields, Magnetic Field Reconnection},
    year = 1991,
    month = oct,
    volume = 380,
    pages = {L51-L54},
    doi = {10.1086/186171},
    adsurl = {http://adsabs.harvard.edu/abs/1991ApJ...380L..51H},
    adsnote = {Provided by the SAO/NASA Astrophysics Data System}
}

@ARTICLE{1992-RossFabianMineshige,
    author = {{Ross}, R.~R. and {Fabian}, A.~C. and {Mineshige}, S.},
    title = "{The spectra of accretion discs in active galactic nuclei}",
    journal = {\mnras},
    keywords = {Accretion Disks, Active Galactic Nuclei, Emission Spectra, X Ray Astronomy, Black Holes (Astronomy), Compton Effect, X Ray Spectra},
    year = 1992,
    month = sep,
    volume = 258,
    pages = {189-197},
    doi = {10.1093/mnras/258.1.189},
    adsurl = {http://adsabs.harvard.edu/abs/1992MNRAS.258..189R},
    adsnote = {Provided by the SAO/NASA Astrophysics Data System}
}

@ARTICLE{1992-Puchnarewicz,
    author = {{Puchnarewicz}, E.~M. and {Mason}, K.~O. and {Cordova}, F.~A. and 
    {Kartje}, J. and {Brabduardi-A A Puchnarewicz}, E.~M. and {Mason}, K.~O. and 
    {Cordova}, F.~A. and {Kartje}, J. and {Branduardi-Raymont}, G. and 
    {Mittaz}, J.~P.~D. and {Murdin}, P.~G. and {Allington-Smith}, J.
    },
    title = "{Optical properties of active galaxies with ultra-soft X-ray spectra}",
    journal = {\mnras},
    keywords = {Active Galactic Nuclei, Galactic Radiation, Line Spectra, Optical Emission Spectroscopy, Spectrum Analysis, X Ray Spectra, Accretion Disks, Luminosity, X Ray Astronomy},
    year = 1992,
    month = jun,
    volume = 256,
    pages = {589-623},
    doi = {10.1093/mnras/256.3.589},
    adsurl = {http://adsabs.harvard.edu/abs/1992MNRAS.256..589P},
    adsnote = {Provided by the SAO/NASA Astrophysics Data System}
}

@ARTICLE{1993-HaardtMaraschi-Spectra,
    author = {{Haardt}, F. and {Maraschi}, L.},
    title = "{X-ray spectra from two-phase accretion disks}",
    journal = {\apj},
    keywords = {Accretion Disks, Active Galactic Nuclei, Compton Effect, Electron Energy, Stellar Luminosity, X Ray Spectra, Astronomical Models, Black Body Radiation, Stellar Coronas, X Ray Astronomy},
    year = 1993,
    month = aug,
    volume = 413,
    pages = {507-517},
    doi = {10.1086/173020},
    adsurl = {http://adsabs.harvard.edu/abs/1993ApJ...413..507H},
    adsnote = {Provided by the SAO/NASA Astrophysics Data System}
}

@ARTICLE{1993-HaardtMatt-Polarization,
    author = {{Haardt}, F. and {Matt}, G.},
    title = "{X-ray polarization in the two-phase model for AGN and X-ray binaries}",
    journal = {\mnras},
    keywords = {Active Galactic Nuclei, Astronomical Models, Polarization (Waves), X Ray Binaries, Accretion Disks, Radiative Transfer},
    year = 1993,
    month = mar,
    volume = 261,
    pages = {346-352},
    doi = {10.1093/mnras/261.2.346},
    adsurl = {http://adsabs.harvard.edu/abs/1993MNRAS.261..346H},
    adsnote = {Provided by the SAO/NASA Astrophysics Data System}
}

@ARTICLE{1993-NakamuraOsaki,
    author = {{Nakamura}, K. and {Osaki}, Y.},
    title = "{Self-consistent accretion disk-coronal model for active galactic nuclei}",
    journal = {\pasj},
    keywords = {Accretion Disks, Active Galactic Nuclei, Quasars, Stellar Coronas, X Ray Spectra, Monte Carlo Method, Numerical Analysis, Spectral Emission},
    year = 1993,
    month = dec,
    volume = 45,
    pages = {775-787},
    adsurl = {http://adsabs.harvard.edu/abs/1993PASJ...45..775N},
    adsnote = {Provided by the SAO/NASA Astrophysics Data System}
}

@ARTICLE{1994-Titarczuk,
	author = {{Titarchuk}, L.},
	title = "{Generalized Comptonization models and application to the recent high-energy observations}",
	journal = {\apj},
	keywords = {Astronomical Models, Compton Effect, Opacity, Optical Thickness, Plasma Clouds, Plasma Temperature, Radiative Transfer, X Ray Sources, X Ray Spectra, Active Galactic Nuclei, Doppler Effect, Exosat Satellite, Fokker-Planck Equation, Gamma Function, Ginga Satellite, Seyfert Galaxies, X Ray Astronomy},
	year = 1994,
	month = oct,
	volume = 434,
	pages = {570-586},
	doi = {10.1086/174760},
	adsurl = {http://adsabs.harvard.edu/abs/1994ApJ...434..570T},
	adsnote = {Provided by the SAO/NASA Astrophysics Data System}
}

@ARTICLE{1994-Laor-1,
    author = {{Laor}, A. and {Fiore}, F. and {Elvis}, M. and {Wilkes}, B.~J. and 
    {McDowell}, J.~C.},
    title = "{The soft x-ray properties of a complete sample of optically selected quasars. 1: First results}",
    journal = {\apj},
    keywords = {Galactic Radiation, Quasars, X Ray Astronomy, X Ray Spectra, Flux Density, Red Shift, Rosat Mission, Stellar Luminosity},
    year = 1994,
    month = nov,
    volume = 435,
    pages = {611-630},
    doi = {10.1086/174841},
    adsurl = {http://adsabs.harvard.edu/abs/1994ApJ...435..611L},
    adsnote = {Provided by the SAO/NASA Astrophysics Data System}
}

@ARTICLE{1992-ToutPringle,
    author = {{Tout}, C.~A. and {Pringle}, J.~E.},
    title = "{Accretion disc viscosity - A simple model for a magnetic dynamo}",
    journal = {\mnras},
    keywords = {Accretion Disks, Astronomical Models, Dynamo Theory, Magnetic Field Reconnection, Computational Astrophysics, Equilibrium Equations, Viscosity},
    year = 1992,
    month = dec,
    volume = 259,
    pages = {604-612},
    doi = {10.1093/mnras/259.4.604},
    adsurl = {http://adsabs.harvard.edu/abs/1992MNRAS.259..604T},
    adsnote = {Provided by the SAO/NASA Astrophysics Data System}
}

@ARTICLE{1994-KusunoseMineshige,
    author = {{Kusunose}, M. and {Mineshige}, S.},
    title = "{Two-Phase Model of Accretion Disks: Pressure Balance}",
    journal = {\apj},
    keywords = {ACCRETION, ACCRETION DISKS, BLACK HOLE PHYSICS, GALAXIES: ACTIVE, GALAXIES: NUCLEI, RADIATION MECHANISMS: NONTHERMAL},
    year = 1994,
    month = mar,
    volume = 423,
    pages = {600},
    doi = {10.1086/173837},
    adsurl = {http://adsabs.harvard.edu/abs/1994ApJ...423..600K},
    adsnote = {Provided by the SAO/NASA Astrophysics Data System}
}


@ARTICLE{1994-SvenssonZdziarski,
    author = {{Svensson}, R. and {Zdziarski}, A.~A.},
    title = "{Black hole accretion disks with coronae}",
    journal = {\apj},
    keywords = {Accretion Disks, Active Galactic Nuclei, Black Holes (Astronomy), Stellar Coronas, Stellar Mass Accretion, Ultraviolet Spectra, X Ray Spectra, Mathematical Models, Stellar Models, Ultraviolet Astronomy, X Ray Astronomy},
    year = 1994,
    month = dec,
    volume = 436,
    pages = {599-606},
    doi = {10.1086/174934},
    adsurl = {http://adsabs.harvard.edu/abs/1994ApJ...436..599S},
    adsnote = {Provided by the SAO/NASA Astrophysics Data System}
}


@ARTICLE{1995-Brandenburg,
    author = {{Brandenburg}, A. and {Nordlund}, A. and {Stein}, R.~F. and 
    {Torkelsson}, U.},
    title = "{Dynamo-generated Turbulence and Large-Scale Magnetic Fields in a Keplerian Shear Flow}",
    journal = {\apj},
    keywords = {ACCRETION, ACCRETION DISKS, MAGNETOHYDRODYNAMICS: MHD, SHOCK WAVES, TURBULENCE},
    year = 1995,
    month = jun,
    volume = 446,
    pages = {741},
    doi = {10.1086/175831},
    adsurl = {http://adsabs.harvard.edu/abs/1995ApJ...446..741B},
    adsnote = {Provided by the SAO/NASA Astrophysics Data System}
}


@ARTICLE{1996-RozanskaCzerny,
    author = {{R\'o\.za\'nska}, A. and {Czerny}, B.},
    title = "{The Structure of the Boundary Layer Between an Accretion Disk and a Corona}",
    journal = {\actaa},
    keywords = {ACCRETION: ACCRETION DISKS, GALAXIES: ACTIVE, X-RAYS: GALAXIES, X-RAYS: STARS},
    year = 1996,
    month = apr,
    volume = 46,
    pages = {233-252},
    adsurl = {http://adsabs.harvard.edu/abs/1996AcA....46..233R},
    adsnote = {Provided by the SAO/NASA Astrophysics Data System}
}

@ARTICLE{1997-Dove-1,
    author = {{Dove}, J.~B. and {Wilms}, J. and {Begelman}, M.~C.},
    title = "{Self-Consistent Thermal Accretion Disk Corona Models for Compact Objects. I: Properties of the Corona and the Spectrum of Escaping Radiation}",
    journal = {\apj},
    eprint = {astro-ph/9705108},
    keywords = {Accretion Disks, Radiative Transfer, Astronomical Models, Coronas, Monte Carlo Method, Photoabsorption, Compton Effect, Energy Dissipation, Radiation Distribution, Thermal Emission, Temperature Distribution, X Ray Spectra, Optical Thickness, Descriptive Geometry, Black Holes (Astronomy)},
    year = 1997,
    month = oct,
    volume = 487,
    pages = {747},
    doi = {10.1086/304632},
    adsurl = {http://adsabs.harvard.edu/abs/1997ApJ...487..747D},
    adsnote = {Provided by the SAO/NASA Astrophysics Data System}
}

@ARTICLE{1997-Dove-2,
    author = {{Dove}, J.~B. and {Wilms}, J. and {Maisack}, M. and {Begelman}, M.~C.
    },
    title = "{Self-Consistent Thermal Accretion Disk Corona Models for Compact Objects}",
    journal = {\apj},
    eprint = {astro-ph/9705130},
    keywords = {Accretion Disks, Radiative Transfer, Astronomical Models, X Ray Spectra, Black Holes (Astronomy), Cygnus Constellation, Monte Carlo Method, Coronas, Optical Thickness, Slabs, Temperature Distribution, Celestial Sphere, Compton Effect, K Lines, Fluorescence, Cooling Flows (Astrophysics), X Rays},
    year = 1997,
    month = oct,
    volume = 487,
    pages = {759},
    doi = {10.1086/304647},
    adsurl = {http://adsabs.harvard.edu/abs/1997ApJ...487..759D},
    adsnote = {Provided by the SAO/NASA Astrophysics Data System}
}

@INPROCEEDINGS{1997-HaardtMaraschi,
    author = {{Maraschi}, L. and {Haardt}, F.},
    title = "{Disk-Corona Models and X-Ray Emission from Seyfert Galaxies}",
    booktitle = {IAU Colloq. 163: Accretion Phenomena and Related Outflows},
    year = 1997,
    series = {Astronomical Society of the Pacific Conference Series},
    volume = 121,
    eprint = {astro-ph/9611048},
    editor = {{Wickramasinghe}, D.~T. and {Bicknell}, G.~V. and {Ferrario}, L.
    },
    pages = {101},
    adsurl = {http://adsabs.harvard.edu/abs/1997ASPC..121..101M},
    adsnote = {Provided by the SAO/NASA Astrophysics Data System}
}

@ARTICLE{1997-Laor-2,
    author = {{Laor}, A. and {Fiore}, F. and {Elvis}, M. and {Wilkes}, B.~J. and 
    {McDowell}, J.~C.},
    title = "{The Soft X-Ray Properties of a Complete Sample of Optically Selected Quasars. II. Final Results}",
    journal = {\apj},
    eprint = {astro-ph/9609164},
    keywords = {Galaxies: Active, Galaxies: Nuclei, Galaxies: Quasars: General, X-Rays: Galaxies},
    year = 1997,
    month = mar,
    volume = 477,
    pages = {93-113},
    doi = {10.1086/303696},
    adsurl = {http://adsabs.harvard.edu/abs/1997ApJ...477...93L},
    adsnote = {Provided by the SAO/NASA Astrophysics Data System}
}

@ARTICLE{1999-Rozanska,
    author = {{R{\'o}{\.z}a{\'n}ska}, A. and {Czerny}, B. and {{\.Z}ycki}, P.~T. and 
    {Pojma{\'n}ski}, G.},
    title = "{Vertical structure of accretion discs with hot coronae in active galactic nuclei}",
    journal = {\mnras},
    eprint = {astro-ph/9811380},
    keywords = {ACCRETION, ACCRETION DISCS, LINE: FORMATION, LINE: PROFILES, GALAXIES: ACTIVE, GALAXIES: NUCLEI, QUASARS: EMISSION LINES},
    year = 1999,
    month = may,
    volume = 305,
    pages = {481-491},
    doi = {10.1046/j.1365-8711.1999.02425.x},
    adsurl = {http://adsabs.harvard.edu/abs/1999MNRAS.305..481R},
    adsnote = {Provided by the SAO/NASA Astrophysics Data System}
}

@ARTICLE{1999-Rozanska-Conduction,
    author = {{R{\'o}{\.z}a{\'n}ska}, A.},
    title = "{Thermal conduction between an accretion disc and a corona in active galactic nuclei: vertical structure of the transition layer}",
    journal = {\mnras},
    year = 1999,
    month = sep,
    volume = 308,
    pages = {751-762},
    doi = {10.1046/j.1365-8711.1999.02752.x},
    adsurl = {http://adsabs.harvard.edu/abs/1999MNRAS.308..751R},
    adsnote = {Provided by the SAO/NASA Astrophysics Data System}
}

@ARTICLE{1999-BalbusPapaloizou,
    author = {{Balbus}, S.~A. and {Papaloizou}, J.~C.~B.},
    title = "{On the Dynamical Foundations of {$\alpha$} Disks}",
    journal = {\apj},
    eprint = {astro-ph/9903035},
    keywords = {ACCRETION, ACCRETION DISKS, HYDRODYNAMICS, INSTABILITIES, TURBULENCE, Accretion, Accretion Disks, Hydrodynamics, Instabilities, Turbulence},
    year = 1999,
    month = aug,
    volume = 521,
    pages = {650-658},
    doi = {10.1086/307594},
    adsurl = {http://adsabs.harvard.edu/abs/1999ApJ...521..650B},
    adsnote = {Provided by the SAO/NASA Astrophysics Data System}
}


@ARTICLE{2000-Nayakshin,
    author = {{Nayakshin}, S. and {Kazanas}, D. and {Kallman}, T.~R.},
    title = "{Thermal Instability and Photoionized X-Ray Reflection in Accretion Disks}",
    journal = {\apj},
    eprint = {astro-ph/9909359},
    keywords = {Accretion, Accretion Disks, Line: Formation, Radiation Mechanisms: Nonthermal, Radiative Transfer, X-Rays: General},
    year = 2000,
    month = jul,
    volume = 537,
    pages = {833-852},
    doi = {10.1086/309054},
    adsurl = {http://adsabs.harvard.edu/abs/2000ApJ...537..833N},
    adsnote = {Provided by the SAO/NASA Astrophysics Data System}
}

@ARTICLE{2000-RozanskaCzerny-ADAF,
    author = {{R{\'o}{\.z}a{\'n}ska}, A. and {Czerny}, B.},
    title = "{Vertical structure of the accreting two-temperature corona and the transition to an ADAF}",
    journal = {\aap},
    eprint = {astro-ph/0004158},
    keywords = {RADIATIVE TRANSFER, ACCRETION, ACCRETION DISKS, GALAXIES: ACTIVE, GALAXIES: SEYFERT, X-RAYS: GALAXIES, X-RAYS: STARS},
    year = 2000,
    month = aug,
    volume = 360,
    pages = {1170-1186},
    adsurl = {http://adsabs.harvard.edu/abs/2000A%26A...360.1170R},
    adsnote = {Provided by the SAO/NASA Astrophysics Data System}
}

@ARTICLE{2000-Mineshige,
    author = {{Mineshige}, S. and {Kawaguchi}, T. and {Takeuchi}, M. and {Hayashida}, K.
    },
    title = "{Slim-Disk Model for Soft X-Ray Excess and Variability of Narrow-Line Seyfert 1 Galaxies}",
    journal = {\pasj},
    eprint = {astro-ph/0003017},
    keywords = {ACCRETION, ACCRETION DISKS, BLACK HOLES, GALAXIES: ACTIVE, GALAXIES: SEYFERT},
    year = 2000,
    month = jun,
    volume = 52,
    pages = {499-508},
    doi = {10.1093/pasj/52.3.499},
    adsurl = {http://adsabs.harvard.edu/abs/2000PASJ...52..499M},
    adsnote = {Provided by the SAO/NASA Astrophysics Data System}
}

@article {2000-Zhang,
    author = {Zhang, S. N. and Cui, Wei and Chen, Wan and Yao, Yangsen and Zhang, Xiaoling and Sun, Xuejun and Wu, Xue-Bing and Xu, Haiguang},
    title = {Three-Layered Atmospheric Structure in Accretion Disks Around Stellar-Mass Black Holes},
    volume = {287},
    number = {5456},
    pages = {1239--1241},
    year = {2000},
    doi = {10.1126/science.287.5456.1239},
    publisher = {American Association for the Advancement of Science},
    abstract = {Modeling of the x-ray spectra of the Galactic superluminal jet sources GRS 1915+105 and GRO J1655-40 reveals a three-layered atmospheric structure in the inner region of their accretion disks. Above the cold and optically thick disk with a temperature of 0.2 to 0.5 kiloelectron volts, there is a warm layer with a temperature of 1.0 to 1.5 kiloelectron volts and an optical depth around 10. Sometimes there is also a much hotter, optically thin corona above the warm layer, with a temperature of 100 kiloelectron volts or higher and an optical depth around unity. The structural similarity between the accretion disks and the solar atmosphere suggests that similar physical processes may be operating in these different systems.},
    issn = {0036-8075},
    URL = {http://science.sciencemag.org/content/287/5456/1239},
    eprint = {http://science.sciencemag.org/content/287/5456/1239.full.pdf},
    journal = {Science}
}

@ARTICLE{2000-RozanskaCzerny,
    author = {{R{\'o}{\.z}a{\'n}ska}, A. and {Czerny}, B.},
    title = "{Two-phase radiative/conductive equilibrium in active galactic nuclei and galactic black holes}",
    journal = {\mnras},
    eprint = {astro-ph/9906101},
    keywords = {ACCRETION, ACCRETION DISCS, BLACK HOLE PHYSICS, BINARIES: GENERAL, GALAXIES: ACTIVE, QUASARS: GENERAL, X-RAYS: STARS},
    year = 2000,
    month = aug,
    volume = 316,
    pages = {473-478},
    doi = {10.1046/j.1365-8711.2000.03429.x},
    adsurl = {http://adsabs.harvard.edu/abs/2000MNRAS.316..473R},
    adsnote = {Provided by the SAO/NASA Astrophysics Data System}
}

@ARTICLE{2000-ReevesTurner,
    author = {{Reeves}, J.~N. and {Turner}, M.~J.~L.},
    title = "{X-ray spectra of a large sample of quasars with ASCA}",
    journal = {\mnras},
    eprint = {astro-ph/0003080},
    keywords = {SURVEYS, GALAXIES: ACTIVE, QUASARS: GENERAL, X-RAYS: GENERAL},
    year = 2000,
    month = aug,
    volume = 316,
    pages = {234-248},
    doi = {10.1046/j.1365-8711.2000.03510.x},
    adsurl = {http://adsabs.harvard.edu/abs/2000MNRAS.316..234R},
    adsnote = {Provided by the SAO/NASA Astrophysics Data System}
}

@ARTICLE{2001-Hubeny,
    author = {{Hubeny}, I. and {Blaes}, O. and {Krolik}, J.~H. and {Agol}, E.
    },
    title = "{Non-LTE Models and Theoretical Spectra of Accretion Disks in Active Galactic Nuclei. IV. Effects of Compton Scattering and Metal Opacities}",
    journal = {\apj},
    eprint = {astro-ph/0105507},
    keywords = {Accretion, Accretion Disks, Galaxies: Active, Galaxies: Nuclei, Radiative Transfer},
    year = 2001,
    month = oct,
    volume = 559,
    pages = {680-702},
    doi = {10.1086/322344},
    adsurl = {http://adsabs.harvard.edu/abs/2001ApJ...559..680H},
    adsnote = {Provided by the SAO/NASA Astrophysics Data System}
}

@ARTICLE{2001-Kawaguchi,
    author = {{Kawaguchi}, T. and {Shimura}, T. and {Mineshige}, S.},
    title = "{Broadband Spectral Energy Distributions of Active Galactic Nuclei from an Accretion Disk with Advective Coronal Flow}",
    journal = {\apj},
    eprint = {astro-ph/0008404},
    keywords = {Accretion, Accretion Disks, Black Hole Physics, Galaxies: Active, Galaxies: Nuclei, Radiation Mechanisms: Nonthermal},
    year = 2001,
    month = jan,
    volume = 546,
    pages = {966-974},
    doi = {10.1086/318297},
    adsurl = {http://adsabs.harvard.edu/abs/2001ApJ...546..966K},
    adsnote = {Provided by the SAO/NASA Astrophysics Data System}
}

@ARTICLE{2001-Petrucci,
    author = {{Petrucci}, P.~O. and {Haardt}, F. and {Maraschi}, L. and {Grandi}, P. and 
    {Malzac}, J. and {Matt}, G. and {Nicastro}, F. and {Piro}, L. and 
    {Perola}, G.~C. and {De Rosa}, A.},
    title = "{Testing Comptonization Models Using BeppoSAX Observations of Seyfert 1 Galaxies}",
    journal = {\apj},
    eprint = {astro-ph/0101219},
    keywords = {Galaxies: Active, Galaxies: Seyfert, X-Rays: Galaxies},
    year = 2001,
    month = aug,
    volume = 556,
    pages = {716-726},
    doi = {10.1086/321629},
    adsurl = {http://adsabs.harvard.edu/abs/2001ApJ...556..716P},
    adsnote = {Provided by the SAO/NASA Astrophysics Data System}
}

@ARTICLE{2001-DiSalvo,
    author = {{Di Salvo}, T. and {Done}, C. and {{\.Z}ycki}, P.~T. and {Burderi}, L. and 
    {Robba}, N.~R.},
    title = "{Probing the Inner Region of Cygnus X-1 in the Low/Hard State through Its X-Ray Broadband Spectrum}",
    journal = {\apj},
    eprint = {astro-ph/0010062},
    keywords = {Accretion, Accretion Disks, Black Hole Physics, Stars: Individual: Constellation Name: Cygnus X-1, X-Rays: General, X-Rays: Stars},
    year = 2001,
    month = feb,
    volume = 547,
    pages = {1024-1033},
    doi = {10.1086/318396},
    adsurl = {http://adsabs.harvard.edu/abs/2001ApJ...547.1024D},
    adsnote = {Provided by the SAO/NASA Astrophysics Data System}
}


@ARTICLE{2001-Zycki,
    author = {{{\.Z}ycki}, P.~T. and {Done}, C. and {Smith}, D.~A.},
    title = "{On the complex disc-corona interactions in the soft spectral states of soft X-ray transients}",
    journal = {\mnras},
    eprint = {astro-ph/0106039},
    keywords = {accretion, accretion discs, black hole physics, stars: individual: GS 2000+25, stars: individual: GS 1124-68, stars: individual: XTE J1550-564, X-rays: stars},
    year = 2001,
    month = oct,
    volume = 326,
    pages = {1367-1380},
    doi = {10.1111/j.1365-2966.2001.04698.x},
    adsurl = {http://adsabs.harvard.edu/abs/2001MNRAS.326.1367Z},
    adsnote = {Provided by the SAO/NASA Astrophysics Data System}
}

@ARTICLE{2002-Rozanska-1,
    author = {{R{\'o}{\.z}a{\'n}ska}, A. and {Dumont}, A.-M. and {Czerny}, B. and 
    {Collin}, S.},
    title = "{The structure and radiation spectra of illuminated accretion discs in active galactic nuclei - I. Moderate illumination}",
    journal = {\mnras},
    eprint = {astro-ph/0202069},
    keywords = {accretion, accretion discs, black hole physics, galaxies: active, quasars: general, galaxies: Seyfert, X-rays: galaxies},
    year = 2002,
    month = jun,
    volume = 332,
    pages = {799-813},
    doi = {10.1046/j.1365-8711.2002.05338.x},
    adsurl = {http://adsabs.harvard.edu/abs/2002MNRAS.332..799R},
    adsnote = {Provided by the SAO/NASA Astrophysics Data System}
}

@ARTICLE{2003-CNRDLZ-Universal,
    author = {{Czerny}, B. and {Niko{\l}ajuk}, M. and {R{\'o}{\.z}a{\'n}ska}, A. and 
    {Dumont}, A.-M. and {Loska}, Z. and {Zycki}, P.~T.},
    title = "{Universal spectral shape of high accretion rate AGN}",
    journal = {\aap},
    eprint = {astro-ph/0309242},
    keywords = {radiative transfer, accretion disks, galaxies: active, galaxies: Seyfert, X-ray},
    year = 2003,
    month = dec,
    volume = 412,
    pages = {317-329},
    doi = {10.1051/0004-6361:20031441},
    adsurl = {http://adsabs.harvard.edu/abs/2003A%26A...412..317C},
    adsnote = {Provided by the SAO/NASA Astrophysics Data System}
}

@ARTICLE{2004-GierlinskiDone,
    author = {{Gierli{\'n}ski}, M. and {Done}, C.},
    title = "{Is the soft excess in active galactic nuclei real?}",
    journal = {\mnras},
    eprint = {astro-ph/0312271},
    keywords = {accretion, accretion discs, atomic processes, X-rays: galaxies},
    year = 2004,
    month = mar,
    volume = 349,
    pages = {L7-L11},
    doi = {10.1111/j.1365-2966.2004.07687.x},
    adsurl = {http://adsabs.harvard.edu/abs/2004MNRAS.349L...7G},
    adsnote = {Provided by the SAO/NASA Astrophysics Data System}
}

@ARTICLE{2004-Madej,
   author = {{Madej}, J. and {R{\'o}{\.z}a{\'n}ska}, A.},
    title = "{X-ray irradiated model stellar atmospheres - III. Compton redistribution of thermal external irradiation}",
  journal = {\mnras},
 keywords = {radiative transfer, scattering, quasars: general, X-rays: general, X-rays: stars},
     year = 2004,
    month = feb,
   volume = 347,
    pages = {1266-1272},
      doi = {10.1111/j.1365-2966.2004.07310.x},
   adsurl = {http://adsabs.harvard.edu/abs/2004MNRAS.347.1266M},
  adsnote = {Provided by the SAO/NASA Astrophysics Data System}
}

@ARTICLE{2005-Malzac,
    author = {{Malzac}, J. and {Dumont}, A.~M. and {Mouchet}, M.},
    title = "{Full radiative coupling in two-phase models for accreting black holes}",
    journal = {\aap},
    eprint = {astro-ph/0410128},
    keywords = {accretion, accretion disks, black hole physics, radiative transfer, method: numerical, galaxies: Seyfert, X-ray: binaries},
    year = 2005,
    month = feb,
    volume = 430,
    pages = {761-769},
    doi = {10.1051/0004-6361:20041473},
    adsurl = {http://adsabs.harvard.edu/abs/2005A%26A...430..761M},
    adsnote = {Provided by the SAO/NASA Astrophysics Data System}
}


@ARTICLE{2005-PessahPsaltis,
    author = {{Pessah}, M.~E. and {Psaltis}, D.},
    title = "{The Stability of Magnetized Rotating Plasmas with Superthermal Fields}",
    journal = {\apj},
    eprint = {astro-ph/0406071},
    keywords = {Accretion, Accretion Disks, Instabilities, Magnetohydrodynamics: MHD, Plasmas},
    year = 2005,
    month = aug,
    volume = 628,
    pages = {879-901},
    doi = {10.1086/430940},
    adsurl = {http://adsabs.harvard.edu/abs/2005ApJ...628..879P},
    adsnote = {Provided by the SAO/NASA Astrophysics Data System}
}

@ARTICLE{2005-Piconcelli-SXE,
    author = {{Piconcelli}, E. and {Jimenez-Bail{\'o}n}, E. and {Guainazzi}, M. and 
    {Schartel}, N. and {Rodr{\'{\i}}guez-Pascual}, P.~M. and {Santos-Lle{\'o}}, M.
    },
    title = "{The XMM-Newton view of PG quasars.  I. X-ray continuum and absorption}",
    journal = {\aap},
    eprint = {astro-ph/0411051},
    keywords = {galaxies: active, galaxies: nuclei, galaxies quasars: general, X-rays: galaxies},
    year = 2005,
    month = mar,
    volume = 432,
    pages = {15-30},
    doi = {10.1051/0004-6361:20041621},
    adsurl = {http://adsabs.harvard.edu/abs/2005A%26A...432...15P},
    adsnote = {Provided by the SAO/NASA Astrophysics Data System}
}

@ARTICLE{2006-Stobbart-ULX,
    author = {{Stobbart}, A.-M. and {Roberts}, T.~P. and {Wilms}, J.},
    title = "{XMM-Newton observations of the brightest ultraluminous X-ray sources}",
    journal = {\mnras},
    eprint = {astro-ph/0601651},
    keywords = {accretion, accretion discs, black hole physics, X-rays: binaries, X-rays: galaxies},
    year = 2006,
    month = may,
    volume = 368,
    pages = {397-413},
    doi = {10.1111/j.1365-2966.2006.10112.x},
    adsurl = {http://adsabs.harvard.edu/abs/2006MNRAS.368..397S},
    adsnote = {Provided by the SAO/NASA Astrophysics Data System}
}

@ARTICLE{2006-Crummy-SXE,
    author = {{Crummy}, J. and {Fabian}, A.~C. and {Gallo}, L. and {Ross}, R.~R.
    },
    title = "{An explanation for the soft X-ray excess in active galactic nuclei}",
    journal = {\mnras},
    eprint = {astro-ph/0511457},
    keywords = {accretion, accretion discs, galaxies: active, X-rays: galaxies},
    year = 2006,
    month = feb,
    volume = 365,
    pages = {1067-1081},
    doi = {10.1111/j.1365-2966.2005.09844.x},
    adsurl = {http://adsabs.harvard.edu/abs/2006MNRAS.365.1067C},
    adsnote = {Provided by the SAO/NASA Astrophysics Data System}
}

@ARTICLE{2006-Begelman-Bubbles,
    author = {{Begelman}, M.~C.},
    title = "{Photon Bubbles and the Vertical Structure of Accretion Disks}",
    journal = {\apj},
    eprint = {astro-ph/0602022},
    keywords = {Accretion, Accretion Disks, Hydrodynamics, Instabilities, Magnetohydrodynamics: MHD, Radiative Transfer, X-Rays: Binaries},
    year = 2006,
    month = jun,
    volume = 643,
    pages = {1065-1080},
    doi = {10.1086/503093},
    adsurl = {http://adsabs.harvard.edu/abs/2006ApJ...643.1065B},
    adsnote = {Provided by the SAO/NASA Astrophysics Data System}
}

@article{2006-DoneKubota,
    author = {Done, Chris and Kubota, Aya},
    title = {Disc–corona energetics in the very high state of Galactic black holes},
    journal = {Monthly Notices of the Royal Astronomical Society},
    volume = {371},
    number = {3},
    pages = {1216},
    year = {2006},
    doi = {10.1111/j.1365-2966.2006.10737.x},
    URL = { + http://dx.doi.org/10.1111/j.1365-2966.2006.10737.x},
    eprint = {/oup/backfile/Content_public/Journal/mnras/371/3/10.1111/j.1365-2966.2006.10737.x/2/mnras0371-1216.pdf}
}


@ARTICLE{2007-Roberts,
    author = {{Roberts}, T.~P.},
    title = "{X-ray observations of ultraluminous X-ray sources}",
    journal = {\apss},
    archivePrefix = "arXiv",
    eprint = {0706.2562},
    keywords = {Black hole physics, X-rays: binaries, X-rays: galaxies},
    year = 2007,
    month = oct,
    volume = 311,
    pages = {203-212},
    doi = {10.1007/s10509-007-9547-z},
    adsurl = {http://adsabs.harvard.edu/abs/2007Ap%26SS.311..203R},
    adsnote = {Provided by the SAO/NASA Astrophysics Data System}
}

@ARTICLE{2007-RozanskaSobolewskaCzerny,
    author = {{R{\'o}{\.z}a{\'n}ska}, A. and {Sobolewska}, M. and {Czerny}, B.
    },
    title = "{Accretion disk with magnetic corona in AGN}",
    journal = {\memsai},
    keywords = {accretion disks},
    year = 2007,
    volume = 78,
    pages = {390},
    adsurl = {http://adsabs.harvard.edu/abs/2007MmSAI..78..390R},
    adsnote = {Provided by the SAO/NASA Astrophysics Data System}
}

@ARTICLE{2009-Hirose-RadiationDisks,
    author = {{Hirose}, S. and {Krolik}, J.~H. and {Blaes}, O.},
    title = "{Radiation-Dominated Disks are Thermally Stable}",
    journal = {\apj},
    archivePrefix = "arXiv",
    eprint = {0809.1708},
    keywords = {accretion, accretion disks, instabilities, MHD, radiative transfer},
    year = 2009,
    month = jan,
    volume = 691,
    pages = {16-31},
    doi = {10.1088/0004-637X/691/1/16},
    adsurl = {http://adsabs.harvard.edu/abs/2009ApJ...691...16H},
    adsnote = {Provided by the SAO/NASA Astrophysics Data System}
}

@ARTICLE{2009-Gladstone-ULX,
    author = {{Gladstone}, J.~C. and {Roberts}, T.~P. and {Done}, C.},
    title = "{The ultraluminous state}",
    journal = {\mnras},
    archivePrefix = "arXiv",
    eprint = {0905.4076},
    keywords = {accretion, accretion discs , black hole physics , X-rays: binaries , X-rays: galaxies},
    year = 2009,
    month = aug,
    volume = 397,
    pages = {1836-1851},
    doi = {10.1111/j.1365-2966.2009.15123.x},
    adsurl = {http://adsabs.harvard.edu/abs/2009MNRAS.397.1836G},
    adsnote = {Provided by the SAO/NASA Astrophysics Data System}
}

@ARTICLE{2010-Penna,
    author = {{Penna}, R.~F. and {McKinney}, J.~C. and {Narayan}, R. and {Tchekhovskoy}, A. and 
    {Shafee}, R. and {McClintock}, J.~E.},
    title = "{Simulations of magnetized discs around black holes: effects of black hole spin, disc thickness and magnetic field geometry}",
    journal = {\mnras},
    archivePrefix = "arXiv",
    eprint = {1003.0966},
    primaryClass = "astro-ph.HE",
    keywords = {accretion, accretion discs, black hole physics, gravitation, hydrodynamics, MHD, methods: numerical},
    year = 2010,
    month = oct,
    volume = 408,
    pages = {752-782},
    doi = {10.1111/j.1365-2966.2010.17170.x},
    adsurl = {http://adsabs.harvard.edu/abs/2010MNRAS.408..752P},
    adsnote = {Provided by the SAO/NASA Astrophysics Data System}
}

@ARTICLE{2011-Mehdipour-Mrk509,
    author = {{Mehdipour}, M. and {Branduardi-Raymont}, G. and {Kaastra}, J.~S. and 
    {Petrucci}, P.~O. and {Kriss}, G.~A. and {Ponti}, G. and {Blustin}, A.~J. and 
    {Paltani}, S. and {Cappi}, M. and {Detmers}, R.~G. and {Steenbrugge}, K.~C.
    },
    title = "{Multiwavelength campaign on Mrk 509. IV. Optical-UV-X-ray variability and the nature of the soft X-ray excess}",
    journal = {\aap},
    archivePrefix = "arXiv",
    eprint = {1107.0659},
    keywords = {galaxies: active, galaxies: nuclei, galaxies: Seyfert, quasars: individual: Mrk 509, X-rays: galaxies},
    year = 2011,
    month = oct,
    volume = 534,
    eid = {A39},
    pages = {A39},
    doi = {10.1051/0004-6361/201116875},
    adsurl = {http://adsabs.harvard.edu/abs/2011A%26A...534A..39M},
    adsnote = {Provided by the SAO/NASA Astrophysics Data System}
}

@ARTICLE{2011-Cerruti,
    author = {{Cerruti}, M. and {Ponti}, G. and {Boisson}, C. and {Costantini}, E. and 
    {Longinotti}, A.~L. and {Matt}, G. and {Mouchet}, M. and {Petrucci}, P.~O.
    },
    title = "{Suzaku broad-band observations of the Seyfert 1 galaxies Mrk 509 and Mrk 841}",
    journal = {\aap},
    archivePrefix = "arXiv",
    eprint = {1109.0860},
    keywords = {galaxies: Seyfert, X-rays: galaxies, galaxies: individuals:Mrk 509, galaxies: individuals:Mrk 841, galaxies: individuals:PKS1502+106},
    year = 2011,
    month = nov,
    volume = 535,
    eid = {A113},
    pages = {A113},
    doi = {10.1051/0004-6361/201116444},
    adsurl = {http://adsabs.harvard.edu/abs/2011A%26A...535A.113C},
    adsnote = {Provided by the SAO/NASA Astrophysics Data System}
}

@ARTICLE{2012-Done-SXE,
    author = {{Done}, C. and {Davis}, S.~W. and {Jin}, C. and {Blaes}, O. and 
    {Ward}, M.},
    title = "{Intrinsic disc emission and the soft X-ray excess in active galactic nuclei}",
    journal = {\mnras},
    archivePrefix = "arXiv",
    eprint = {1107.5429},
    primaryClass = "astro-ph.HE",
    keywords = {accretion, accretion discs, black hole physics, galaxies: active},
    year = 2012,
    month = mar,
    volume = 420,
    pages = {1848-1860},
    doi = {10.1111/j.1365-2966.2011.19779.x},
    adsurl = {http://adsabs.harvard.edu/abs/2012MNRAS.420.1848D},
    adsnote = {Provided by the SAO/NASA Astrophysics Data System}
}

@ARTICLE{2012-Ponti-Catalog,
    author = {{Ponti}, G. and {Papadakis}, I. and {Bianchi}, S. and {Guainazzi}, M. and 
    {Matt}, G. and {Uttley}, P. and {Bonilla}, N.~F.},
    title = "{CAIXA: a catalogue of AGN in the XMM-Newton archive. III. Excess variance analysis}",
    journal = {\aap},
    archivePrefix = "arXiv",
    eprint = {1112.2744},
    primaryClass = "astro-ph.HE",
    keywords = {accretion, accretion disks, black hole physics, methods: data analysis, galaxies: active, galaxies: nuclei, X-rays: galaxies},
    year = 2012,
    month = jun,
    volume = 542,
    eid = {A83},
    pages = {A83},
    doi = {10.1051/0004-6361/201118326},
    adsurl = {http://adsabs.harvard.edu/abs/2012A%26A...542A..83P},
    adsnote = {Provided by the SAO/NASA Astrophysics Data System}
}

@ARTICLE{2013-Petrucci-Mrk509,
    author = {{Petrucci}, P.-O. and {Paltani}, S. and {Malzac}, J. and {Kaastra}, J.~S. and 
    {Cappi}, M. and {Ponti}, G. and {De Marco}, B. and {Kriss}, G.~A. and 
    {Steenbrugge}, K.~C. and {Bianchi}, S. and {Branduardi-Raymont}, G. and 
    {Mehdipour}, M. and {Costantini}, E. and {Dadina}, M. and {Lubi{\'n}ski}, P.
    },
    title = "{Multiwavelength campaign on Mrk 509. XII. Broad band spectral analysis}",
    journal = {\aap},
    archivePrefix = "arXiv",
    eprint = {1209.6438},
    primaryClass = "astro-ph.HE",
    keywords = {galaxies: active, galaxies: individual: Mrk 509, galaxies: Seyfert, X-rays: galaxies},
    year = 2013,
    month = jan,
    volume = 549,
    eid = {A73},
    pages = {A73},
    doi = {10.1051/0004-6361/201219956},
    adsurl = {http://adsabs.harvard.edu/abs/2013A%26A...549A..73P},
    adsnote = {Provided by the SAO/NASA Astrophysics Data System}
}

@ARTICLE{2013-DeMarco-Lags,
    author = {{De Marco}, B. and {Ponti}, G. and {Cappi}, M. and {Dadina}, M. and 
    {Uttley}, P. and {Cackett}, E.~M. and {Fabian}, A.~C. and {Miniutti}, G.
    },
    title = "{Discovery of a relation between black hole mass and soft X-ray time lags in active galactic nuclei}",
    journal = {\mnras},
    archivePrefix = "arXiv",
    eprint = {1201.0196},
    primaryClass = "astro-ph.HE",
    keywords = {galaxies: active, galaxies: nuclei, X-rays: galaxies},
    year = 2013,
    month = may,
    volume = 431,
    pages = {2441-2452},
    doi = {10.1093/mnras/stt339},
    adsurl = {http://adsabs.harvard.edu/abs/2013MNRAS.431.2441D},
    adsnote = {Provided by the SAO/NASA Astrophysics Data System}
}

@ARTICLE{2013-Liu-ULX,
    author = {{Liu}, J.-F. and {Bregman}, J.~N. and {Bai}, Y. and {Justham}, S. and 
    {Crowther}, P.},
    title = "{Puzzling accretion onto a black hole in the ultraluminous X-ray source M 101 ULX-1}",
    journal = {\nat},
    archivePrefix = "arXiv",
    eprint = {1312.0337},
    primaryClass = "astro-ph.HE",
    year = 2013,
    month = nov,
    volume = 503,
    pages = {500-503},
    doi = {10.1038/nature12762},
    adsurl = {http://adsabs.harvard.edu/abs/2013Natur.503..500L},
    adsnote = {Provided by the SAO/NASA Astrophysics Data System}
}

@ARTICLE{2015-Rozanska,
    author = {{R{\'o}{\.z}a{\'n}ska}, A. and {Malzac}, J. and {Belmont}, R. and 
    {Czerny}, B. and {Petrucci}, P.-O.},
    title = "{Warm and optically thick dissipative coronae above accretion disks}",
    journal = {\aap},
    archivePrefix = "arXiv",
    eprint = {1504.03160},
    keywords = {radiative transfer, scattering, methods: analytical, accretion, accretion disks},
    year = 2015,
    month = aug,
    volume = 580,
    eid = {A77},
    pages = {A77},
    doi = {10.1051/0004-6361/201526288},
    adsurl = {http://adsabs.harvard.edu/abs/2015A%26A...580A..77R},
    adsnote = {Provided by the SAO/NASA Astrophysics Data System}
}

@ARTICLE{2015-Begelman,
    author = {{Begelman}, M.~C. and {Armitage}, P.~J. and {Reynolds}, C.~S.
    },
    title = "{Accretion Disk Dynamo as the Trigger for X-Ray Binary State Transitions}",
    journal = {\apj},
    archivePrefix = "arXiv",
    eprint = {1507.03996},
    primaryClass = "astro-ph.HE",
    keywords = {accretion, accretion disks, binaries: close, black hole physics, magnetic fields, X-rays: binaries},
    year = 2015,
    month = aug,
    volume = 809,
    eid = {118},
    pages = {118},
    doi = {10.1088/0004-637X/809/2/118},
    adsurl = {http://adsabs.harvard.edu/abs/2015ApJ...809..118B},
    adsnote = {Provided by the SAO/NASA Astrophysics Data System}
}

@ARTICLE{2016-Keek,
   author = {{Keek}, L. and {Ballantyne}, D.~R.},
    title = "{Revealing the accretion disc corona in Mrk 335 with multi-epoch X-ray spectroscopy}",
  journal = {\mnras},
archivePrefix = "arXiv",
   eprint = {1508.06994},
 primaryClass = "astro-ph.HE",
 keywords = {accretion, accretion discs, galaxies: active, galaxies: individual: Mrk 335, galaxies: Seyfert, X-rays: galaxies},
     year = 2016,
    month = mar,
   volume = 456,
    pages = {2722-2734},
      doi = {10.1093/mnras/stv2882},
   adsurl = {http://adsabs.harvard.edu/abs/2016MNRAS.456.2722K},
  adsnote = {Provided by the SAO/NASA Astrophysics Data System}
}

@ARTICLE{2016-Salvesen,
    author = {{Salvesen}, G. and {Simon}, J.~B. and {Armitage}, P.~J. and
    {Begelman}, M.~C.},
    title = "{Accretion disc dynamo activity in local simulations spanning weak-to-strong net vertical magnetic flux regimes}",
    journal = {\mnras},
    archivePrefix = "arXiv",
    eprint = {1511.06368},
    primaryClass = "astro-ph.HE",
    keywords = {accretion, accretion discs, dynamo, instabilities, MHD, turbulence, X-rays: binaries},
    year = 2016,
    month = mar,
    volume = 457,
    pages = {857-874},
    doi = {10.1093/mnras/stw029},
    adsurl = {http://adsabs.harvard.edu/abs/2016MNRAS.457..857S},
    adsnote = {Provided by the SAO/NASA Astrophysics Data System}
}

@ARTICLE{2016-Salvesen-2,
    author = {{Salvesen}, G. and {Armitage}, P.~J. and {Simon}, J.~B. and 
    {Begelman}, M.~C.},
    title = "{Strongly magnetized accretion discs require poloidal flux}",
    journal = {\mnras},
    archivePrefix = "arXiv",
    eprint = {1602.04810},
    primaryClass = "astro-ph.HE",
    keywords = {accretion, accretion discs, dynamo, instabilities, MHD, turbulence, X-rays: binaries},
    year = 2016,
    month = aug,
    volume = 460,
    pages = {3488-3493},
    doi = {10.1093/mnras/stw1231},
    adsurl = {http://adsabs.harvard.edu/abs/2016MNRAS.460.3488S},
    adsnote = {Provided by the SAO/NASA Astrophysics Data System}
}

@ARTICLE{2017-Lin,
    author = {{Lin}, D. and {Guillochon}, J. and {Komossa}, S. and {Ramirez-Ruiz}, E. and 
    {Irwin}, J.~A. and {Maksym}, W.~P. and {Grupe}, D. and {Godet}, O. and 
    {Webb}, N.~A. and {Barret}, D. and {Zauderer}, B.~A. and {Duc}, P.-A. and 
    {Carrasco}, E.~R. and {Gwyn}, S.~D.~J.},
    title = "{A likely decade-long sustained tidal disruption event}",
    journal = {Nature Astronomy},
    archivePrefix = "arXiv",
    eprint = {1702.00792},
    primaryClass = "astro-ph.HE",
    year = 2017,
    month = feb,
    volume = 1,
    eid = {0033},
    pages = {0033},
    doi = {10.1038/s41550-016-0033},
    adsurl = {http://adsabs.harvard.edu/abs/2017NatAs...1E..33L},
    adsnote = {Provided by the SAO/NASA Astrophysics Data System}
}

@ARTICLE{2017-Petrucci,
    author = {{Petrucci}, P.~O. and {Ursini}, F. and {De Rosa}, A. and {Bianchi}, S. and 
    {Cappi}, M. and {Matt}, G. and {Dadina}, M. and {Malzac}, J.
    },
    title = "{Testing warm Comptonization models for the origin of the soft X-ray excess in AGN}",
    journal = {ArXiv e-prints},
    archivePrefix = "arXiv",
    eprint = {1710.04940},
    primaryClass = "astro-ph.HE",
    keywords = {Astrophysics - High Energy Astrophysical Phenomena},
    year = 2017,
    month = oct,
    adsurl = {http://adsabs.harvard.edu/abs/2017arXiv171004940P},
    adsnote = {Provided by the SAO/NASA Astrophysics Data System}
}
