@ARTICLE{bachetti14,
   author = {{Bachetti}, M. and {Harrison}, F.~A. and {Walton}, D.~J. and 
	{Grefenstette}, B.~W. and {Chakrabarty}, D. and {F{\"u}rst}, F. and 
	{Barret}, D. and {Beloborodov}, A. and {Boggs}, S.~E. and {Christensen}, F.~E. and 
	{Craig}, W.~W. and {Fabian}, A.~C. and {Hailey}, C.~J. and {Hornschemeier}, A. and 
	{Kaspi}, V. and {Kulkarni}, S.~R. and {Maccarone}, T. and {Miller}, J.~M. and 
	{Rana}, V. and {Stern}, D. and {Tendulkar}, S.~P. and {Tomsick}, J. and 
	{Webb}, N.~A. and {Zhang}, W.~W.},
    title = "{An ultraluminous X-ray source powered by an accreting neutron star}",
  journal = {\nat},
archivePrefix = "arXiv",
   eprint = {1410.3590},
 primaryClass = "astro-ph.HE",
     year = 2014,
    month = oct,
   volume = 514,
    pages = {202-204},
      doi = {10.1038/nature13791},
   adsurl = {http://adsabs.harvard.edu/abs/2014Natur.514..202B},
  adsnote = {Provided by the SAO/NASA Astrophysics Data System}
}


@ARTICLE{furst16,
   author = {{F{\"u}rst}, F. and {Walton}, D.~J. and {Harrison}, F.~A. and 
	{Stern}, D. and {Barret}, D. and {Brightman}, M. and {Fabian}, A.~C. and 
	{Grefenstette}, B. and {Madsen}, K.~K. and {Middleton}, M.~J. and 
	{Miller}, J.~M. and {Pottschmidt}, K. and {Ptak}, A. and {Rana}, V. and 
	{Webb}, N.},
    title = "{Discovery of Coherent Pulsations from the Ultraluminous X-Ray Source NGC 7793 P13}",
  journal = {\apjl},
archivePrefix = "arXiv",
   eprint = {1609.07129},
 primaryClass = "astro-ph.HE",
 keywords = {accretion, accretion disks, pulsars: individual: NGC 7793 P13, stars: neutron, X-rays: binaries},
     year = 2016,
    month = nov,
   volume = 831,
      eid = {L14},
    pages = {L14},
      doi = {10.3847/2041-8205/831/2/L14},
   adsurl = {http://adsabs.harvard.edu/abs/2016ApJ...831L..14F},
  adsnote = {Provided by the SAO/NASA Astrophysics Data System}
}

@ARTICLE{gieren2005,
   author = {{Gieren}, W. and {Pietrzynski}, G. and {Bresolin}, F. and {Kudritzki}, R.-P. and 
	{Minniti}, D. and {Urbaneja}, M. and {Soszynski}, I. and {Storm}, J. and 
	{Fouque}, P. and {Bono}, G. and {Walker}, A. and {Garcia}, J.
	},
    title = "{Measuring Improved Distances to Nearby Galaxies: The Araucaria Project}",
  journal = {The Messenger},
     year = 2005,
    month = sep,
   volume = 121,
    pages = {23-28},
   adsurl = {http://adsabs.harvard.edu/abs/2005Msngr.121...23G},
  adsnote = {Provided by the SAO/NASA Astrophysics Data System}
}

@ARTICLE{gladstone09,
   author = {{Gladstone}, J.~C. and {Roberts}, T.~P.},
    title = "{The ultraluminous X-ray source population of NGC 4485/4490}",
  journal = {\mnras},
archivePrefix = "arXiv",
   eprint = {0904.3852},
 primaryClass = "astro-ph.HE",
 keywords = {black hole physics , galaxies: individual: NGC 4485 , galaxies: individual: NGC 4490 , X-rays: binaries , X-rays: galaxies},
     year = 2009,
    month = jul,
   volume = 397,
    pages = {124-134},
      doi = {10.1111/j.1365-2966.2009.14937.x},
   adsurl = {http://adsabs.harvard.edu/abs/2009MNRAS.397..124G},
  adsnote = {Provided by the SAO/NASA Astrophysics Data System}
}

@ARTICLE{Harrison2013,
   author = {{Harrison}, F.~A. and {Craig}, W.~W. and {Christensen}, F.~E. and 
	{Hailey}, C.~J. and {Zhang}, W.~W. and {Boggs}, S.~E. and {Stern}, D. and 
	{Cook}, W.~R. and {Forster}, K. and {Giommi}, P. and {Grefenstette}, B.~W. and 
	{Kim}, Y. and {Kitaguchi}, T. and {Koglin}, J.~E. and {Madsen}, K.~K. and 
	{Mao}, P.~H. and {Miyasaka}, H. and {Mori}, K. and {Perri}, M. and 
	{Pivovaroff}, M.~J. and {Puccetti}, S. and {Rana}, V.~R. and 
	{Westergaard}, N.~J. and {Willis}, J. and {Zoglauer}, A. and 
	{An}, H. and {Bachetti}, M. and {Barri{\`e}re}, N.~M. and {Bellm}, E.~C. and 
	{Bhalerao}, V. and {Brejnholt}, N.~F. and {Fuerst}, F. and {Liebe}, C.~C. and 
	{Markwardt}, C.~B. and {Nynka}, M. and {Vogel}, J.~K. and {Walton}, D.~J. and 
	{Wik}, D.~R. and {Alexander}, D.~M. and {Cominsky}, L.~R. and 
	{Hornschemeier}, A.~E. and {Hornstrup}, A. and {Kaspi}, V.~M. and 
	{Madejski}, G.~M. and {Matt}, G. and {Molendi}, S. and {Smith}, D.~M. and 
	{Tomsick}, J.~A. and {Ajello}, M. and {Ballantyne}, D.~R. and 
	{Balokovi{\'c}}, M. and {Barret}, D. and {Bauer}, F.~E. and 
	{Blandford}, R.~D. and {Brandt}, W.~N. and {Brenneman}, L.~W. and 
	{Chiang}, J. and {Chakrabarty}, D. and {Chenevez}, J. and {Comastri}, A. and 
	{Dufour}, F. and {Elvis}, M. and {Fabian}, A.~C. and {Farrah}, D. and 
	{Fryer}, C.~L. and {Gotthelf}, E.~V. and {Grindlay}, J.~E. and 
	{Helfand}, D.~J. and {Krivonos}, R. and {Meier}, D.~L. and {Miller}, J.~M. and 
	{Natalucci}, L. and {Ogle}, P. and {Ofek}, E.~O. and {Ptak}, A. and 
	{Reynolds}, S.~P. and {Rigby}, J.~R. and {Tagliaferri}, G. and 
	{Thorsett}, S.~E. and {Treister}, E. and {Urry}, C.~M.},
    title = "{The Nuclear Spectroscopic Telescope Array (NuSTAR) High-energy X-Ray Mission}",
  journal = {\apj},
archivePrefix = "arXiv",
   eprint = {1301.7307},
 primaryClass = "astro-ph.IM",
 keywords = {space vehicles: instruments, X-rays: general },
     year = 2013,
    month = jun,
   volume = 770,
      eid = {103},
    pages = {103},
      doi = {10.1088/0004-637X/770/2/103},
   adsurl = {http://adsabs.harvard.edu/abs/2013ApJ...770..103H},
  adsnote = {Provided by the SAO/NASA Astrophysics Data System}
}

@ARTICLE{ichimaru77,
   author = {{Ichimaru}, S.},
    title = "{Bimodal behavior of accretion disks - Theory and application to Cygnus X-1 transitions}",
  journal = {\apj},
 keywords = {Binary Stars, Black Holes (Astronomy), Magnetohydrodynamic Turbulence, Stellar Mass Accretion, X Ray Sources, Angular Momentum, Astronomical Models, Conservation Laws, Thermal Stability, X Ray Spectra},
     year = 1977,
    month = jun,
   volume = 214,
    pages = {840-855},
      doi = {10.1086/155314},
   adsurl = {http://adsabs.harvard.edu/abs/1977ApJ...214..840I},
  adsnote = {Provided by the SAO/NASA Astrophysics Data System}
}



@ARTICLE{israel17,
   author = {{Israel}, G.~L. and {Papitto}, A. and {Esposito}, P. and {Stella}, L. and 
	{Zampieri}, L. and {Belfiore}, A. and {Rodr{\'{\i}}guez Castillo}, G.~A. and 
	{De Luca}, A. and {Tiengo}, A. and {Haberl}, F. and {Greiner}, J. and 
	{Salvaterra}, R. and {Sandrelli}, S. and {Lisini}, G.},
    title = "{Discovery of a 0.42-s pulsar in the ultraluminous X-ray source NGC 7793 P13}",
  journal = {\mnras},
archivePrefix = "arXiv",
   eprint = {1609.06538},
 primaryClass = "astro-ph.HE",
 keywords = {galaxies: individual: NGC 7793, X-rays: binaries, X-rays: individual: CXOU J235750.9, 323726 (XMMU J235751.1-323725, NGC 7793 P13)},
     year = 2017,
    month = mar,
   volume = 466,
    pages = {L48-L52},
      doi = {10.1093/mnrasl/slw218},
   adsurl = {http://adsabs.harvard.edu/abs/2017MNRAS.466L..48I},
  adsnote = {Provided by the SAO/NASA Astrophysics Data System}
}

@ARTICLE{jansen2001,
   author = {{Jansen}, F. and {Lumb}, D. and {Altieri}, B. and {Clavel}, J. and 
	{Ehle}, M. and {Erd}, C. and {Gabriel}, C. and {Guainazzi}, M. and 
	{Gondoin}, P. and {Much}, R. and {Munoz}, R. and {Santos}, M. and 
	{Schartel}, N. and {Texier}, D. and {Vacanti}, G.},
    title = "{XMM-Newton observatory. I. The spacecraft and operations}",
  journal = {\aap},
 keywords = {INSTRUMENTS, X-RAY ASTRONOMY},
     year = 2001,
    month = jan,
   volume = 365,
    pages = {L1-L6},
      doi = {10.1051/0004-6361:20000036},
   adsurl = {http://adsabs.harvard.edu/abs/2001A%26A...365L...1J},
  adsnote = {Provided by the SAO/NASA Astrophysics Data System}
}

@ARTICLE{karachentsev2003,
   author = {{Karachentsev}, I.~D. and {Grebel}, E.~K. and {Sharina}, M.~E. and 
	{Dolphin}, A.~E. and {Geisler}, D. and {Guhathakurta}, P. and 
	{Hodge}, P.~W. and {Karachentseva}, V.~E. and {Sarajedini}, A. and 
	{Seitzer}, P.},
    title = "{Distances to nearby galaxies in Sculptor}",
  journal = {\aap},
   eprint = {astro-ph/0302045},
 keywords = {galaxies: dwarf, galaxies: distances and redshifts, galaxies: kinematics and dynamics},
     year = 2003,
    month = jun,
   volume = 404,
    pages = {93-111},
      doi = {10.1051/0004-6361:20030170},
   adsurl = {http://adsabs.harvard.edu/abs/2003A%26A...404...93K},
  adsnote = {Provided by the SAO/NASA Astrophysics Data System}
}

@ARTICLE{kalberla2005,
   author = {{Kalberla}, P.~M.~W. and {Burton}, W.~B. and {Hartmann}, D. and 
	{Arnal}, E.~M. and {Bajaja}, E. and {Morras}, R. and {P{\"o}ppel}, W.~G.~L.
	},
    title = "{The Leiden/Argentine/Bonn (LAB) Survey of Galactic HI. Final data release of the combined LDS and IAR surveys with improved stray-radiation corrections}",
  journal = {\aap},
   eprint = {astro-ph/0504140},
 keywords = {surveys, radio lines: ISM, Galaxy: structure},
     year = 2005,
    month = sep,
   volume = 440,
    pages = {775-782},
      doi = {10.1051/0004-6361:20041864},
   adsurl = {http://adsabs.harvard.edu/abs/2005A%26A...440..775K},
  adsnote = {Provided by the SAO/NASA Astrophysics Data System}
}

@ARTICLE{liu13,
   author = {{Liu}, J.-F. and {Bregman}, J.~N. and {Bai}, Y. and {Justham}, S. and 
	{Crowther}, P.},
    title = "{Puzzling accretion onto a black hole in the ultraluminous X-ray source M 101 ULX-1}",
  journal = {\nat},
archivePrefix = "arXiv",
   eprint = {1312.0337},
 primaryClass = "astro-ph.HE",
     year = 2013,
    month = nov,
   volume = 503,
    pages = {500-503},
      doi = {10.1038/nature12762},
   adsurl = {http://adsabs.harvard.edu/abs/2013Natur.503..500L},
  adsnote = {Provided by the SAO/NASA Astrophysics Data System}
}

@BOOK{mihalas1978,
   author = {{Mihalas}, D.},
    title = "{Stellar atmospheres /2nd edition/}",
publisher = {San Francisco, W.~H.~Freeman and Co., p.~650},
     year = 1978,
   adsurl = {http://adsabs.harvard.edu/abs/1978stat.book.....M},
  adsnote = {Provided by the Smithsonian/NASA Astrophysics Data System}
}

@ARTICLE{motch2014,
   author = {{Motch}, C. and {Pakull}, M.~W. and {Soria}, R. and {Gris{\'e}}, F. and 
	{Pietrzy{\'n}ski}, G.},
    title = "{A mass of less than 15 solar masses for the black hole in an ultraluminous X-ray source}",
  journal = {\nat},
archivePrefix = "arXiv",
   eprint = {1410.4250},
 primaryClass = "astro-ph.HE",
     year = 2014,
    month = oct,
   volume = 514,
    pages = {198-201},
      doi = {10.1038/nature13730},
   adsurl = {http://adsabs.harvard.edu/abs/2014Natur.514..198M},
  adsnote = {Provided by the SAO/NASA Astrophysics Data System}
}

@ARTICLE{pietrzynski2010,
   author = {{Pietrzy{\'n}ski}, G. and {Gieren}, W. and {Hamuy}, M. and {Pignata}, G. and 
	{Soszy{\'n}ski}, I. and {Udalski}, A. and {Walker}, A. and {Fouqu{\'e}}, P. and 
	{Bresolin}, F. and {Kudritzki}, R.-P. and {Garcia-Varela}, A. and 
	{Szewczyk}, O. and {Szyma{\'n}ski}, M. and {Kubiak}, M. and 
	{Wyrzykowski}, {\L}.},
    title = "{The Araucaria Project: First Cepheid Distance to the Sculptor Group Galaxy NGC 7793 from Variables Discovered in a Wide-field Imaging Survey}",
  journal = {\aj},
archivePrefix = "arXiv",
   eprint = {1008.3040},
 keywords = {distance scale, galaxies: distances and redshifts, galaxies: individual: NGC 7793, galaxies: stellar content, stars: variables: Cepheids},
     year = 2010,
    month = nov,
   volume = 140,
    pages = {1475-1485},
      doi = {10.1088/0004-6256/140/5/1475},
   adsurl = {http://adsabs.harvard.edu/abs/2010AJ....140.1475P},
  adsnote = {Provided by the SAO/NASA Astrophysics Data System}
}

@ARTICLE{roberts07,
   author = {{Roberts}, T.~P.},
    title = "{X-ray observations of ultraluminous X-ray sources}",
  journal = {\apss},
archivePrefix = "arXiv",
   eprint = {0706.2562},
 keywords = {Black hole physics, X-rays: binaries, X-rays: galaxies},
     year = 2007,
    month = oct,
   volume = 311,
    pages = {203-212},
      doi = {10.1007/s10509-007-9547-z},
   adsurl = {http://adsabs.harvard.edu/abs/2007Ap%26SS.311..203R},
  adsnote = {Provided by the SAO/NASA Astrophysics Data System}
}


@ARTICLE{rozanska17,
   author = {{R{\'o}{\.z}a{\'n}ska}, A. and {Be{\l}dycki}, B. and {Madej}, J. and 
	{Adhikari}, T.~P. and {You}, B.},
    title = "{The Appearance of Non-Spherical Systems. Application to LMXB}",
  journal = {\actaa},
archivePrefix = "arXiv",
   eprint = {1607.00228},
 primaryClass = "astro-ph.HE",
 keywords = {Accretion, accretion disks, Stars: neutron, X-rays: binaries},
     year = 2017,
    month = mar,
   volume = 67,
    pages = {51-62},
   adsurl = {http://adsabs.harvard.edu/abs/2017AcA....67...51R},
  adsnote = {Provided by the SAO/NASA Astrophysics Data System}
}

@ARTICLE{walton13,
   author = {{Walton}, D.~J. and {Fuerst}, F. and {Harrison}, F. and {Stern}, D. and 
	{Bachetti}, M. and {Barret}, D. and {Bauer}, F. and {Boggs}, S.~E. and 
	{Christensen}, F.~E. and {Craig}, W.~W. and {Fabian}, A.~C. and 
	{Grefenstette}, B.~W. and {Hailey}, C.~J. and {Madsen}, K.~K. and 
	{Miller}, J.~M. and {Ptak}, A. and {Rana}, V. and {Webb}, N.~A. and 
	{Zhang}, W.~W.},
    title = "{An Extremely Luminous and Variable Ultraluminous X-Ray Source in the Outskirts of Circinus Observed with NuSTAR}",
  journal = {\apj},
archivePrefix = "arXiv",
   eprint = {1310.2633},
 primaryClass = "astro-ph.HE",
 keywords = {black hole physics, X-rays: binaries, X-rays: individual: Circinus ULX5},
     year = 2013,
    month = dec,
   volume = 779,
      eid = {148},
    pages = {148},
      doi = {10.1088/0004-637X/779/2/148},
   adsurl = {http://adsabs.harvard.edu/abs/2013ApJ...779..148W},
  adsnote = {Provided by the SAO/NASA Astrophysics Data System}
}


@ARTICLE{walton16,
   author = {{Walton}, D.~J. and {Tomsick}, J.~A. and {Madsen}, K.~K. and 
	{Grinberg}, V. and {Barret}, D. and {Boggs}, S.~E. and {Christensen}, F.~E. and 
	{Clavel}, M. and {Craig}, W.~W. and {Fabian}, A.~C. and {Fuerst}, F. and 
	{Hailey}, C.~J. and {Harrison}, F.~A. and {Miller}, J.~M. and 
	{Parker}, M.~L. and {Rahoui}, F. and {Stern}, D. and {Tao}, L. and 
	{Wilms}, J. and {Zhang}, W.},
    title = "{The Soft State of Cygnus X-1 Observed with NuSTAR: A Variable Corona and a Stable Inner Disk}",
  journal = {\apj},
archivePrefix = "arXiv",
   eprint = {1605.03966},
 primaryClass = "astro-ph.HE",
 keywords = {black hole physics, X-rays: binaries, X-rays: individual: Cygnus X-1},
     year = 2016,
    month = jul,
   volume = 826,
      eid = {87},
    pages = {87},
      doi = {10.3847/0004-637X/826/1/87},
   adsurl = {http://adsabs.harvard.edu/abs/2016ApJ...826...87W},
  adsnote = {Provided by the SAO/NASA Astrophysics Data System}
}

@ARTICLE{WaltonNGC7793_2017,
   author = {{Walton}, D.~J. and {Fuerst}, F. and {Harrison}, F.~A. and {Stern}, D. and 
	{Bachetti}, M. and {Barret}, D. and {Brightman}, M. and {Fabian}, A.~C. and 
	{Middleton}, M.~J. and {Ptak}, A. and {Tao}, L.},
    title = "{Super-Eddington Accretion onto the Neutron Star NGC 7793 P13: Broadband X-ray Spectroscopy and Ultraluminous X-ray Sources}",
  journal = {ArXiv e-prints},
archivePrefix = "arXiv",
   eprint = {1705.10297},
 primaryClass = "astro-ph.HE",
 keywords = {Astrophysics - High Energy Astrophysical Phenomena, Astrophysics - Astrophysics of Galaxies, Astrophysics - Solar and Stellar Astrophysics},
     year = 2017,
    month = may,
   adsurl = {http://adsabs.harvard.edu/abs/2017arXiv170510297W},
  adsnote = {Provided by the SAO/NASA Astrophysics Data System}
}

@ARTICLE{wells81,
   author = {{Wells}, D.~C. and {Greisen}, E.~W. and {Harten}, R.~H.},
    title = "{FITS - a Flexible Image Transport System}",
  journal = {\aaps},
     year = 1981,
    month = jun,
   volume = 44,
    pages = {363},
   adsurl = {http://adsabs.harvard.edu/abs/1981A%26AS...44..363W},
  adsnote = {Provided by the SAO/NASA Astrophysics Data System}
}

------------------------

@ARTICLE{alexander83,
   author = {{Alexander}, D.~R. and {Rypma}, R.~L. and {Johnson}, H.~R.},
    title = "{Effect of molecules and grains on Rosseland mean opacities}",
  journal = {\apj},
 keywords = {Abundance, Molecular Absorption, Molecular Clouds, Opacity, Protostars, Stellar Envelopes, Stellar Structure, Interstellar Chemistry, Interstellar Extinction, Interstellar Matter, Molecular Spectra, Stellar Temperature},
     year = 1983,
    month = sep,
   volume = 272,
    pages = {773-780},
      doi = {10.1086/161339},
   adsurl = {http://adsabs.harvard.edu/abs/1983ApJ...272..773A},
  adsnote = {Provided by the SAO/NASA Astrophysics Data System}
}

@ARTICLE{davis2005,
   author = {{Davis}, S.~W. and {Blaes}, O.~M. and {Hubeny}, I. and {Turner}, N.~J.
	},
    title = "{Relativistic Accretion Disk Models of High-State Black Hole X-Ray Binary Spectra}",
  journal = {\apj},
   eprint = {astro-ph/0408590},
 keywords = {Accretion, Accretion Disks, Black Hole Physics, Radiative Transfer, X-Rays: Binaries},
     year = 2005,
    month = mar,
   volume = 621,
    pages = {372-387},
      doi = {10.1086/427278},
   adsurl = {http://adsabs.harvard.edu/abs/2005ApJ...621..372D},
  adsnote = {Provided by the SAO/NASA Astrophysics Data System}
}

@ARTICLE{degenaar2013,
   author = {{Degenaar}, N. and {Wijnands}, R. and {Miller}, J.~M.},
    title = "{A Direct Measurement of the Heat Release in the Outer Crust of the Transiently Accreting Neutron Star XTE J1709-267}",
  journal = {\apjl},
archivePrefix = "arXiv",
   eprint = {1212.1453},
 primaryClass = "astro-ph.HE",
 keywords = {accretion, accretion disks, dense matter, stars: neutron, X-rays: binaries, X-rays: individual: XTE J1709{\ndash}267},
     year = 2013,
    month = apr,
   volume = 767,
      eid = {L31},
    pages = {L31},
      doi = {10.1088/2041-8205/767/2/L31},
   adsurl = {http://adsabs.harvard.edu/abs/2013ApJ...767L..31D},
  adsnote = {Provided by the SAO/NASA Astrophysics Data System}
}


@ARTICLE{fabian1989,
   author = {{Fabian}, A.~C. and {Rees}, M.~J. and {Stella}, L. and {White}, N.~E.
	},
    title = "{X-ray fluorescence from the inner disc in Cygnus X-1}",
  journal = {\mnras},
 keywords = {Accretion Disks, Black Holes (Astronomy), Cygnus Constellation, X Ray Fluorescence, X Ray Spectra, Black Body Radiation, Emission Spectra, Line Spectra, Red Shift},
     year = 1989,
    month = may,
   volume = 238,
    pages = {729-736},
      doi = {10.1093/mnras/238.3.729},
   adsurl = {http://adsabs.harvard.edu/abs/1989MNRAS.238..729F},
  adsnote = {Provided by the SAO/NASA Astrophysics Data System}
}

@ARTICLE{fabian2015,
   author = {{Fabian}, A.~C. and {Lohfink}, A. and {Kara}, E. and {Parker}, M.~L. and 
	{Vasudevan}, R. and {Reynolds}, C.~S.},
    title = "{Properties of AGN coronae in the NuSTAR era}",
  journal = {\mnras},
archivePrefix = "arXiv",
   eprint = {1505.07603},
 primaryClass = "astro-ph.HE",
 keywords = {accretion, accretion discs, black hole physics, X-rays: binaries, X-rays: galaxies},
     year = 2015,
    month = aug,
   volume = 451,
    pages = {4375-4383},
      doi = {10.1093/mnras/stv1218},
   adsurl = {http://adsabs.harvard.edu/abs/2015MNRAS.451.4375F},
  adsnote = {Provided by the SAO/NASA Astrophysics Data System}
}

@ARTICLE{hubeny2001,
   author = {{Hubeny}, I. and {Blaes}, O. and {Krolik}, J.~H. and {Agol}, E.
	},
    title = "{Non-LTE Models and Theoretical Spectra of Accretion Disks in Active Galactic Nuclei. IV. Effects of Compton Scattering and Metal Opacities}",
  journal = {\apj},
   eprint = {astro-ph/0105507},
 keywords = {Accretion, Accretion Disks, Galaxies: Active, Galaxies: Nuclei, Radiative Transfer},
     year = 2001,
    month = oct,
   volume = 559,
    pages = {680-702},
      doi = {10.1086/322344},
   adsurl = {http://adsabs.harvard.edu/abs/2001ApJ...559..680H},
  adsnote = {Provided by the SAO/NASA Astrophysics Data System}
}




@ARTICLE{SS73,
   author = {{Shakura}, N.~I. and {Sunyaev}, R.~A.},
    title = "{Black holes in binary systems. Observational appearance.}",
  journal = {\aap},
     year = 1973,
   volume = 24,
    pages = {337-355},
   adsurl = {http://adsabs.harvard.edu/abs/1973A%26A....24..337S},
  adsnote = {Provided by the SAO/NASA Astrophysics Data System}
}

@ARTICLE{rozanska2011,
   author = {{R{\'o}{\.z}a{\'n}ska}, A. and {Madej}, J. and {Konorski}, P. and 
	{S{\c a}dowski}, A.},
    title = "{Iron lines in model disk spectra of Galactic black hole binaries}",
  journal = {\aap},
archivePrefix = "arXiv",
   eprint = {1011.2061},
 primaryClass = "astro-ph.HE",
 keywords = {accretion, accretion disks, radiative transfer, X-rays: binaries},
     year = 2011,
    month = mar,
   volume = 527,
      eid = {A47},
    pages = {A47},
      doi = {10.1051/0004-6361/201015626},
   adsurl = {http://adsabs.harvard.edu/abs/2011A%26A...527A..47R},
  adsnote = {Provided by the SAO/NASA Astrophysics Data System}
}

@ARTICLE{abramowicz88,
   author = {{Abramowicz}, M.~A. and {Czerny}, B. and {Lasota}, J.~P. and 
	{Szuszkiewicz}, E.},
    title = "{Slim accretion disks}",
  journal = {\apj},
 keywords = {ACCRETION DISKS, ASTRONOMICAL MODELS, BLACK HOLES (ASTRONOMY), STELLAR MASS ACCRETION, COMPUTATIONAL ASTROPHYSICS, EDDINGTON APPROXIMATION, NAVIER-STOKES EQUATION, ROCHE LIMIT},
     year = 1988,
    month = sep,
   volume = 332,
    pages = {646-658},
      doi = {10.1086/166683},
   adsurl = {http://adsabs.harvard.edu/abs/1988ApJ...332..646A},
  adsnote = {Provided by the SAO/NASA Astrophysics Data System}
}

@ARTICLE{janiuk2004,
   author = {{Janiuk}, A. and {Czerny}, B. and {Siemiginowska}, A. and {Szczerba}, R.
	},
    title = "{On the Turbulent {$\alpha$}-Disks and the Intermittent Activity in Active Galactic Nuclei}",
  journal = {\apj},
   eprint = {astro-ph/0311011},
 keywords = {Accretion, Accretion Disks, Black Hole Physics, Galaxies: Evolution, Magnetohydrodynamics: MHD},
     year = 2004,
    month = feb,
   volume = 602,
    pages = {595-602},
      doi = {10.1086/381159},
   adsurl = {http://adsabs.harvard.edu/abs/2004ApJ...602..595J},
  adsnote = {Provided by the SAO/NASA Astrophysics Data System}
}

@ARTICLE{mari2011,
   author = {{Kolehmainen}, M. and {Done}, C. and {D{\'{\i}}az Trigo}, M.
	},
    title = "{Modelling the high-mass accretion rate spectra of GX 339-4: black hole spin from reflection?}",
  journal = {\mnras},
archivePrefix = "arXiv",
   eprint = {1103.1256},
 primaryClass = "astro-ph.HE",
 keywords = {accretion, accretion discs, black hole physics, X-rays: binaries},
     year = 2011,
    month = sep,
   volume = 416,
    pages = {311-321},
      doi = {10.1111/j.1365-2966.2011.19040.x},
   adsurl = {http://adsabs.harvard.edu/abs/2011MNRAS.416..311K},
  adsnote = {Provided by the SAO/NASA Astrophysics Data System}
}

@ARTICLE{madej89,
   author = {{Madej}, J.},
    title = "{The effects of Compton scattering in X-ray spectra}",
  journal = {\apj},
 keywords = {Compton Effect, Free Electrons, Radiative Transfer, Relativistic Electron Beams, Stellar Atmospheres, X Ray Spectra, Electron Scattering, Neutron Stars},
     year = 1989,
    month = apr,
   volume = 339,
    pages = {386-396},
      doi = {10.1086/167304},
   adsurl = {http://adsabs.harvard.edu/abs/1989ApJ...339..386M},
  adsnote = {Provided by the SAO/NASA Astrophysics Data System}
}


@ARTICLE{madej1991,
   author = {{Madej}, J.},
    title = "{Model atmospheres and X-ray spectra of bursting neutron stars}",
  journal = {ApJ},
     year = 1991,
    month = jul,
   volume = 376,
    pages = {161-176},
      doi = {10.1086/170264},
   adsurl = {http://adsabs.harvard.edu/abs/1991ApJ...376..161M},
  adsnote = {Provided by the Smithsonian/NASA Astrophysics Data System}
}

@ARTICLE{paczynski1971,
   author = {{Paczy{\'n}ski}, B.},
    title = "{Evolutionary Processes in Close Binary Systems}",
  journal = {\araa},
     year = 1971,
   volume = 9,
    pages = {183},
      doi = {10.1146/annurev.aa.09.090171.001151},
   adsurl = {http://adsabs.harvard.edu/abs/1971ARA%26A...9..183P},
  adsnote = {Provided by the SAO/NASA Astrophysics Data System}
}


@ARTICLE{seaton94,
   author = {{Seaton}, M.~J. and {Yan}, Y. and {Mihalas}, D. and {Pradhan}, A.~K.
	},
    title = "{Opacities for Stellar Envelopes}",
  journal = {\mnras},
 keywords = {atomic processes - radiative transfer - stars: interiors},
     year = 1994,
    month = feb,
   volume = 266,
    pages = {805},
      doi = {10.1093/mnras/266.4.805},
   adsurl = {http://adsabs.harvard.edu/abs/1994MNRAS.266..805S},
  adsnote = {Provided by the SAO/NASA Astrophysics Data System}
}

@ARTICLE{wilms2000,
   author = {{Wilms}, J. and {Allen}, A. and {McCray}, R.},
    title = "{On the Absorption of X-Rays in the Interstellar Medium}",
  journal = {\apj},
   eprint = {astro-ph/0008425},
 keywords = {Atomic Data, ISM: Dust, Extinction, ISM: Abundances, X-Rays: ISM},
     year = 2000,
    month = oct,
   volume = 542,
    pages = {914-924},
      doi = {10.1086/317016},
   adsurl = {http://adsabs.harvard.edu/abs/2000ApJ...542..914W},
  adsnote = {Provided by the SAO/NASA Astrophysics Data System}
}

-------------------ponizej stare----------------------------

@ARTICLE{boirin2004,
   author = {{Boirin}, L. and {Parmar}, A.~N. and {Barret}, D. and {Paltani}, S. and 
	{Grindlay}, J.~E.},
    title = "{Discovery of X-ray absorption features from the dipping low-mass X-ray binary XB 1916-053 with XMM-Newton}",
  journal = {\aap},
   eprint = {arXiv:astro-ph/0402294},
 keywords = {accretion, accretion disks, stars: individual: XB 1916-053, X-rays: binaries},
     year = 2004,
    month = may,
   volume = 418,
    pages = {1061-1072},
      doi = {10.1051/0004-6361:20034550},
   adsurl = {http://adsabs.harvard.edu/abs/2004A%26A...418.1061B},
  adsnote = {Provided by the SAO/NASA Astrophysics Data System}
}

@ARTICLE{boirin2003,
   author = {{Boirin}, L. and {Parmar}, A.~N.},
    title = "{Discovery of narrow X-ray absorption features from the low-mass X-ray binary X 1254-690 with XMM-Newton}",
  journal = {\aap},
   eprint = {arXiv:astro-ph/0306526},
 keywords = {accretion, accretion disks, stars: individual: X 1254-690, stars: neutron, X-rays: general},
     year = 2003,
    month = sep,
   volume = 407,
    pages = {1079-1084},
      doi = {10.1051/0004-6361:20030975},
   adsurl = {http://adsabs.harvard.edu/abs/2003A%26A...407.1079B},
  adsnote = {Provided by the SAO/NASA Astrophysics Data System}
}

@ARTICLE{brandt2000,
   author = {{Brandt}, W.~N. and {Schulz}, N.~S.},
    title = "{The Discovery of Broad P Cygni X-Ray Lines from Circinus X-1 with the Chandra High-Energy Transmission Grating Spectrometer}",
  journal = {\apjl},
   eprint = {arXiv:astro-ph/0007406},
 keywords = {Accretion, Accretion Disks, Stars: Binaries: Close, Stars: Individual: Constellation Name: Circinus X-1, Stars: Neutron, Techniques: Spectroscopic, X-Rays: Stars},
     year = 2000,
    month = dec,
   volume = 544,
    pages = {L123-L127},
      doi = {10.1086/317313},
   adsurl = {http://adsabs.harvard.edu/abs/2000ApJ...544L.123B},
  adsnote = {Provided by the SAO/NASA Astrophysics Data System}
}

@ARTICLE{church1997,
   author = {{Church}, M.~J. and {Dotani}, T. and {Balucinska-Church}, M. and 
	{Mitsuda}, K. and {Takahashi}, T. and {Inoue}, H. and {Yoshida}, K.
	},
    title = "{Simple Photoelectric Absorption during Dipping in the ASCA Observation of XB 1916-053}",
  journal = {\apj},
 keywords = {ACCRETION, ACCRETION DISKS, STARS: BINARIES: CLOSE, SCATTERING, STARS: CIRCUMSTELLAR MATTER, STARS: INDIVIDUAL ALPHANUMERIC: XB 1916-053, X-RAYS: STARS},
     year = 1997,
    month = dec,
   volume = 491,
    pages = {388},
      doi = {10.1086/304936},
   adsurl = {http://adsabs.harvard.edu/abs/1997ApJ...491..388C},
  adsnote = {Provided by the SAO/NASA Astrophysics Data System}
}


@ARTICLE{church05,
   author = {{Church}, M.~J. and {Reed}, D. and {Dotani}, T. and {Ba{\l}uci{\'n}ska-Church}, M. and 
	{Smale}, A.~P.},
    title = "{Discovery of absorption features of the accretion disc corona and systematic acceleration of the X-ray burst rate in XB1323-619}",
  journal = {\mnras},
   eprint = {arXiv:astro-ph/0412228},
 keywords = {accretion, accretion discs, binaries: close, stars: neutron, X-rays: binaries, X-rays: individual: XB1323-619},
     year = 2005,
    month = jun,
   volume = 359,
    pages = {1336-1344},
      doi = {10.1111/j.1365-2966.2005.08728.x},
   adsurl = {http://adsabs.harvard.edu/abs/2005MNRAS.359.1336C},
  adsnote = {Provided by the SAO/NASA Astrophysics Data System}
}

@ARTICLE{trigo12,
   author = {{D{\'{\i}}az Trigo}, M. and {Sidoli}, L. and {Boirin}, L. and 
	{Parmar}, A.~N.},
    title = "{XMM-Newton observations of GX 13 + 1: correlation between photoionised absorption and broad line emission}",
  journal = {\aap},
archivePrefix = "arXiv",
   eprint = {1204.5904},
 primaryClass = "astro-ph.HE",
 keywords = {X-rays: binaries, accretion, accretion disks, X-rays: individuals: GX13+1},
     year = 2012,
    month = jul,
   volume = 543,
      eid = {A50},
    pages = {A50},
      doi = {10.1051/0004-6361/201219049},
   adsurl = {http://adsabs.harvard.edu/abs/2012A%26A...543A..50D},
  adsnote = {Provided by the SAO/NASA Astrophysics Data System}
}

@ARTICLE{frank87,
   author = {{Frank}, J. and {King}, A.~R. and {Lasota}, J.-P.},
    title = "{The light curves of low-mass X-ray binaries}",
  journal = {\aap},
 keywords = {LIGHT CURVE, STELLAR CORONAS, STELLAR MASS ACCRETION, X RAY BINARIES, DIPPING, ECLIPSES, IONIZATION, STELLAR MODELS},
     year = 1987,
    month = may,
   volume = 178,
    pages = {137-142},
   adsurl = {http://adsabs.harvard.edu/abs/1987A%26A...178..137F},
  adsnote = {Provided by the SAO/NASA Astrophysics Data System}
}

@BOOK{griem1974,
   author = {{Griem}, H.~R.},
    title = "{Spectral line broadening by plasmas}",
 keywords = {MAGNETIC EFFECTS, PLASMA DIAGNOSTICS, PLASMA SPECTRA, PRESSURE BROADENING, SPECTRAL LINE WIDTH, APPROXIMATION, DENSITY MEASUREMENT, H LINES, IONIZED GASES, PLASMA DENSITY, PLASMA WAVES, STARK EFFECT, STELLAR ATMOSPHERES, TEMPERATURE MEASUREMENT},
booktitle = {New York, Academic Press, Inc.~(Pure and Applied Physics.~Volume 39), 1974.~421 p.},
     year = 1974,
   adsurl = {http://adsabs.harvard.edu/abs/1974slbp.book.....G},
  adsnote = {Provided by the SAO/NASA Astrophysics Data System}
}

@ARTICLE{bautista2001,
   author = {{Bautista}, M.~A. and {Kallman}, T.~R.},
    title = "{The XSTAR Atomic Database}",
  journal = {\apjs},
 keywords = {Astronomical Data Bases: Miscellaneous, Atomic Data, Atomic Processes, Line: Formation, Ultraviolet: General, X-Rays: General},
     year = 2001,
    month = may,
   volume = 134,
    pages = {139-149},
      doi = {10.1086/320363},
   adsurl = {http://adsabs.harvard.edu/abs/2001ApJS..134..139B},
  adsnote = {Provided by the SAO/NASA Astrophysics Data System}
}

@ARTICLE{jones76,
   author = {{Jones}, C. and {Forman}, W. and {Tananbaum}, H. and {Turner}, M.~J.~L.
	},
    title = "{UHURU and Ariel V observations of 3U 1630-47 - A recurrent transient X-ray source}",
  journal = {\apjl},
 keywords = {LIGHT CURVE, SATELLITE OBSERVATION, X RAY SOURCES, ARIEL SATELLITES, LUMINOUS INTENSITY, UHURU SATELLITE, VARIABLE STARS, X RAY STARS},
     year = 1976,
    month = nov,
   volume = 210,
    pages = {L9-L11},
      doi = {10.1086/182291},
   adsurl = {http://adsabs.harvard.edu/abs/1976ApJ...210L...9J},
  adsnote = {Provided by the SAO/NASA Astrophysics Data System}
}



@ARTICLE{kallman2001,
   author = {{Kallman}, T. and {Bautista}, M.},
    title = "{Photoionization and High-Density Gas}",
  journal = {\apjs},
 keywords = {Atomic Processes, Radiation Mechanisms: Thermal, Radiative Transfer, Ultraviolet: General, X-Rays: General},
     year = 2001,
    month = mar,
   volume = 133,
    pages = {221-253},
      doi = {10.1086/319184},
   adsurl = {http://adsabs.harvard.edu/abs/2001ApJS..133..221K},
  adsnote = {Provided by the SAO/NASA Astrophysics Data System}
}



@ARTICLE{king2012,
   author = {{King}, A.~L. and {Miller}, J.~M. and {Raymond}, J. and {Fabian}, A.~C. and 
	{Reynolds}, C.~S. and {Kallman}, T.~R. and {Maitra}, D. and 
	{Cackett}, E.~M. and {Rupen}, M.~P.},
    title = "{An Extreme X-Ray Disk Wind in the Black Hole Candidate IGR J17091-3624}",
  journal = {\apjl},
archivePrefix = "arXiv",
   eprint = {1112.3648},
 primaryClass = "astro-ph.HE",
 keywords = {accretion, accretion disks, black hole physics, X-rays: binaries},
     year = 2012,
    month = feb,
   volume = 746,
      eid = {L20},
    pages = {L20},
      doi = {10.1088/2041-8205/746/2/L20},
   adsurl = {http://adsabs.harvard.edu/abs/2012ApJ...746L..20K},
  adsnote = {Provided by the SAO/NASA Astrophysics Data System}
}



@ARTICLE{kotani2000,
   author = {{Kotani}, T. and {Ebisawa}, K. and {Dotani}, T. and {Inoue}, H. and 
	{Nagase}, F. and {Tanaka}, Y. and {Ueda}, Y.},
    title = "{ASCA Observations of the Absorption Line Features from the Superluminal Jet Source GRS 1915+105}",
  journal = {\apj},
   eprint = {arXiv:astro-ph/0003237},
 keywords = {Stars: Binaries: Close, Stars: Individual: Alphanumeric: GRS 1915+105, X-Rays: Stars},
     year = 2000,
    month = aug,
   volume = 539,
    pages = {413-423},
      doi = {10.1086/309200},
   adsurl = {http://adsabs.harvard.edu/abs/2000ApJ...539..413K},
  adsnote = {Provided by the SAO/NASA Astrophysics Data System}
}


@ARTICLE{kubota2007,
   author = {{Kubota}, A. and {Dotani}, T. and {Cottam}, J. and {Kotani}, T. and 
	{Done}, C. and {Ueda}, Y. and {Fabian}, A.~C. and {Yasuda}, T. and 
	{Takahashi}, H. and {Fukazawa}, Y. and {Yamaoka}, K. and {Makishima}, K. and 
	{Yamada}, S. and {Kohmura}, T. and {Angelini}, L.},
    title = "{Suzaku Discovery of Iron Absorption Lines in Outburst Spectra of the X-Ray Transient 4U 1630-472}",
  journal = {\pasj},
   eprint = {arXiv:astro-ph/0610496},
 keywords = {accretion, accretion disks, X-rays: individual (4U 1630{\amp}minus, 472)},
     year = 2007,
    month = jan,
   volume = 59,
    pages = {185-198},
   adsurl = {http://adsabs.harvard.edu/abs/2007PASJ...59S.185K},
  adsnote = {Provided by the SAO/NASA Astrophysics Data System}
}

@ARTICLE{kuulkers98,
   author = {{Kuulkers}, E. and {Wijnands}, R. and {Belloni}, T. and {Mendez}, M. and 
	{van der Klis}, M. and {van Paradijs}, J.},
    title = "{Absorption Dips in the Light Curves of GRO J1655-40 and 4U 1630-47 during Outburst}",
  journal = {\apj},
   eprint = {arXiv:astro-ph/9710024},
 keywords = {ACCRETION, ACCRETION DISKS, STARS: BINARIES: CLOSE, STARS: INDIVIDUAL ALPHANUMERIC: 4U 1630-47, STARS: INDIVIDUAL ALPHANUMERIC: GRO J1655-40, BLACK HOLE PHYSICS, X-RAYS: STARS},
     year = 1998,
    month = feb,
   volume = 494,
    pages = {753},
      doi = {10.1086/305248},
   adsurl = {http://adsabs.harvard.edu/abs/1998ApJ...494..753K},
  adsnote = {Provided by the SAO/NASA Astrophysics Data System}
}



@ARTICLE{lee2002,
   author = {{Lee}, J.~C. and {Reynolds}, C.~S. and {Remillard}, R. and {Schulz}, N.~S. and 
	{Blackman}, E.~G. and {Fabian}, A.~C.},
    title = "{High-Resolution Chandra HETGS and Rossi X-Ray Timing Explorer Observations of GRS 1915+105: A Hot Disk Atmosphere and Cold Gas Enriched in Iron and Silicon}",
  journal = {\apj},
   eprint = {arXiv:astro-ph/0208187},
 keywords = {Accretion, Accretion Disks, Techniques: Spectroscopic, X-Rays: Binaries, X-rays: individual (GRS 1915+105)},
     year = 2002,
    month = mar,
   volume = 567,
    pages = {1102-1111},
      doi = {10.1086/338588},
   adsurl = {http://adsabs.harvard.edu/abs/2002ApJ...567.1102L},
  adsnote = {Provided by the SAO/NASA Astrophysics Data System}
}

@ARTICLE{madej2004,
   author = {{Madej}, J. and {R{\'o}{\.z}a{\'n}ska}, A.},
    title = "{X-ray irradiated model stellar atmospheres - III. Compton redistribution of thermal external irradiation}",
  journal = {\mnras},
 keywords = {radiative transfer, scattering, quasars: general, X-rays: general, X-rays: stars},
     year = 2004,
    month = feb,
   volume = 347,
    pages = {1266-1272},
      doi = {10.1111/j.1365-2966.2004.07310.x},
   adsurl = {http://adsabs.harvard.edu/abs/2004MNRAS.347.1266M},
  adsnote = {Provided by the SAO/NASA Astrophysics Data System}
}

@ARTICLE{miller2006,
   author = {{Miller}, J.~M. and {Raymond}, J. and {Homan}, J. and {Fabian}, A.~C. and 
	{Steeghs}, D. and {Wijnands}, R. and {Rupen}, M. and {Charles}, P. and 
	{van der Klis}, M. and {Lewin}, W.~H.~G.},
    title = "{Simultaneous Chandra and RXTE Spectroscopy of the Microquasar H1743-322: Clues to Disk Wind and Jet Formation from a Variable Ionized Outflow}",
  journal = {\apj},
   eprint = {arXiv:astro-ph/0406272},
 keywords = {Accretion, Accretion Disks, Black Hole Physics, Relativity, Stars: Individual: Alphanumeric: H1743-322, X-Rays: Binaries},
     year = 2006,
    month = jul,
   volume = 646,
    pages = {394-406},
      doi = {10.1086/504673},
   adsurl = {http://adsabs.harvard.edu/abs/2006ApJ...646..394M},
  adsnote = {Provided by the SAO/NASA Astrophysics Data System}
}


@ARTICLE{miller2008,
   author = {{Miller}, J.~M. and {Raymond}, J. and {Reynolds}, C.~S. and 
	{Fabian}, A.~C. and {Kallman}, T.~R. and {Homan}, J.},
    title = "{The Accretion Disk Wind in the Black Hole GRO J1655-40}",
  journal = {\apj},
archivePrefix = "arXiv",
   eprint = {0802.2026},
 keywords = {Accretion, Accretion Disks, binaries: spectroscopic (GRO J1655-40), Black Hole Physics, Relativity},
     year = 2008,
    month = jun,
   volume = 680,
    pages = {1359-1377},
      doi = {10.1086/588521},
   adsurl = {http://adsabs.harvard.edu/abs/2008ApJ...680.1359M},
  adsnote = {Provided by the SAO/NASA Astrophysics Data System}
}



@INPROCEEDINGS{novikov73,
   author = {{Novikov}, I.~D. and {Thorne}, K.~S.},
    title = "{Astrophysics of black holes.}",
booktitle = {Black Holes (Les Astres Occlus)},
     year = 1973,
   editor = "{C.~Dewitt \& B.~S.~Dewitt}",
    pages = {343-450},
   adsurl = {http://adsabs.harvard.edu/abs/1973blho.conf..343N},
  adsnote = {Provided by the SAO/NASA Astrophysics Data System}
}

@ARTICLE{orosz1997,
   author = {{Orosz}, J.~A. and {Bailyn}, C.~D.},
    title = "{Optical Observations of GRO J1655-40 in Quiescence. I. A Precise Mass for the Black Hole Primary}",
  journal = {\apj},
   eprint = {arXiv:astro-ph/9610211},
 keywords = {STARS: BINARIES: SPECTROSCOPIC, STARS: INDIVIDUAL ALPHANUMERIC: GRO J1655-40, BLACK HOLE PHYSICS, X-RAYS: STARS},
     year = 1997,
    month = mar,
   volume = 477,
    pages = {876},
      doi = {10.1086/303741},
   adsurl = {http://adsabs.harvard.edu/abs/1997ApJ...477..876O},
  adsnote = {Provided by the SAO/NASA Astrophysics Data System}
}

@ARTICLE{parmar86,
   author = {{Parmar}, A.~N. and {Stella}, L. and {White}, N.~E.},
    title = "{The evolution of the 1984 outburst of the transient X-ray source 4U 1630 - 47}",
  journal = {\apj},
 keywords = {BINARY STARS, SPACEBORNE ASTRONOMY, STELLAR LUMINOSITY, STELLAR MASS ACCRETION, TEMPORAL DISTRIBUTION, X RAY SOURCES, EXOSAT SATELLITE, MASS TO LIGHT RATIOS, SPECTRAL ENERGY DISTRIBUTION},
     year = 1986,
    month = may,
   volume = 304,
    pages = {664-670},
      doi = {10.1086/164204},
   adsurl = {http://adsabs.harvard.edu/abs/1986ApJ...304..664P},
  adsnote = {Provided by the SAO/NASA Astrophysics Data System}
}

@ARTICLE{parmar95,
   author = {{Parmar}, A.~N. and {Angelini}, L. and {White}, N.~E.},
    title = "{Periodic Outbursts from the Ultrasoft X-Ray Transient 4U 1630-47}",
  journal = {\apjl},
 keywords = {ACCRETION, ACCRETION DISKS, STARS: BINARIES: CLOSE, STARS: INDIVIDUAL ALPHANUMERIC: 4U 1630-47, X-RAYS: STARS},
     year = 1995,
    month = oct,
   volume = 452,
    pages = {L129},
      doi = {10.1086/309730},
   adsurl = {http://adsabs.harvard.edu/abs/1995ApJ...452L.129P},
  adsnote = {Provided by the SAO/NASA Astrophysics Data System}
}

@ARTICLE{parmar2002,
   author = {{Parmar}, A.~N. and {Oosterbroek}, T. and {Boirin}, L. and {Lumb}, D.
	},
    title = "{Discovery of narrow X-ray absorption features from the dipping low-mass X-ray binary X 1624-490 with XMM-Newton}",
  journal = {\aap},
   eprint = {arXiv:astro-ph/0202452},
 keywords = {accretion, accretion disks, stars: individual: X1624-490, stars: neutron, X-rays: general},
     year = 2002,
    month = may,
   volume = 386,
    pages = {910-915},
      doi = {10.1051/0004-6361:20020281},
   adsurl = {http://adsabs.harvard.edu/abs/2002A%26A...386..910P},
  adsnote = {Provided by the SAO/NASA Astrophysics Data System}
}

@ARTICLE{parmar1986,
   author = {{Parmar}, A.~N. and {White}, N.~E. and {Giommi}, P. and {Gottwald}, M.
	},
    title = "{The discovery of 3.8 hour periodic intensity dips and eclipses from the transient low-mass X-ray binary EXO 0748-676}",
  journal = {\apj},
 keywords = {ECLIPSING BINARY STARS, PERIODIC VARIATIONS, X RAY BINARIES, ABUNDANCE, ACCRETION DISKS, COMPANION STARS, INTERSTELLAR MATTER, METALLICITY},
     year = 1986,
    month = sep,
   volume = 308,
    pages = {199-212},
      doi = {10.1086/164490},
   adsurl = {http://adsabs.harvard.edu/abs/1986ApJ...308..199P},
  adsnote = {Provided by the SAO/NASA Astrophysics Data System}
}

@ARTICLE{ponti2012,
   author = {{Ponti}, G. and {Fender}, R.~P. and {Begelman}, M.~C. and {Dunn}, R.~J.~H. and 
	{Neilsen}, J. and {Coriat}, M.},
    title = "{Ubiquitous equatorial accretion disc winds in black hole soft states}",
  journal = {\mnras},
archivePrefix = "arXiv",
   eprint = {1201.4172},
 primaryClass = "astro-ph.HE",
 keywords = {accretion, accretion disc, blackhole physics, methods: observational, techniques: spectroscopic, quasars: absorption lines, X-rays: binaries},
     year = 2012,
    month = may,
   volume = 422,
    pages = {L11},
      doi = {10.1111/j.1745-3933.2012.01224.x},
   adsurl = {http://adsabs.harvard.edu/abs/2012MNRAS.422L..11P},
  adsnote = {Provided by the SAO/NASA Astrophysics Data System}
}



@ARTICLE{disk2008,
   author = {{R{\'o}{\.z}a{\'n}ska}, A. and {Madej}, J.},
    title = "{Models of the iron K{$\alpha$} fluorescent line and the Compton Shoulder in irradiated accretion disc spectra}",
  journal = {\mnras},
 keywords = {accretion, accretion discs , line: profiles , radiative transfer , scattering , galaxies: active},
     year = 2008,
    month = jun,
   volume = 386,
    pages = {1872-1880},
      doi = {10.1111/j.1365-2966.2008.13173.x},
   adsurl = {http://adsabs.harvard.edu/abs/2008MNRAS.386.1872R},
  adsnote = {Provided by the SAO/NASA Astrophysics Data System}
}

@INPROCEEDINGS{gancarczyk2011,
   author = {{R{\'o}{\.z}a{\'n}ska}, A. and {Madej}, J. and {Gancarczyk}, M.},
    title = "{Theoretical disk spectra and black-hole spin determination}",
booktitle = {Fast X-ray Timing and Spectroscopy at Extreme Count Rates (HTRS 2011)},
     year = 2011,
      eid = {20},
   adsurl = {http://adsabs.harvard.edu/abs/2011fxts.confE..20R},
  adsnote = {Provided by the SAO/NASA Astrophysics Data System}
}



@ARTICLE{schnerr03,
   author = {{Schnerr}, R.~S. and {Reerink}, T. and {van der Klis}, M. and 
	{Homan}, J. and {M{\'e}ndez}, M. and {Fender}, R.~P. and {Kuulkers}, E.
	},
    title = "{Peculiar spectral and power spectral behaviour of the LMXB GX 13+1}",
  journal = {\aap},
   eprint = {arXiv:astro-ph/0305161},
 keywords = {accretion, accretion disks, stars: individual: GX 13+1, stars: neutron, binaries: close, X-rays: binaries},
     year = 2003,
    month = jul,
   volume = 406,
    pages = {221-232},
      doi = {10.1051/0004-6361:20030682},
   adsurl = {http://adsabs.harvard.edu/abs/2003A%26A...406..221S},
  adsnote = {Provided by the SAO/NASA Astrophysics Data System}
}

@ARTICLE{sidoli2001,
   author = {{Sidoli}, L. and {Oosterbroek}, T. and {Parmar}, A.~N. and {Lumb}, D. and 
	{Erd}, C.},
    title = "{An XMM-Newton study of the X-ray binary MXB 1659-298 and the discovery of narrow X-ray absorption lines}",
  journal = {\aap},
   eprint = {arXiv:astro-ph/0109417},
 keywords = {ACCRETION, ACCRETION DISKS, STARS: INDIVIDUAL: MXB 1659-298 STARS: NEUTRON, X-RAYS: GENERAL},
     year = 2001,
    month = nov,
   volume = 379,
    pages = {540-550},
      doi = {10.1051/0004-6361:20011322},
   adsurl = {http://adsabs.harvard.edu/abs/2001A%26A...379..540S},
  adsnote = {Provided by the SAO/NASA Astrophysics Data System}
}

@ARTICLE{tomsick98,
   author = {{Tomsick}, J.~A. and {Lapshov}, I. and {Kaaret}, P.},
    title = "{An X-Ray Dip in the X-Ray Transient 4U 1630-47}",
  journal = {\apj},
   eprint = {arXiv:astro-ph/9709214},
 keywords = {ACCRETION, ACCRETION DISKS, BLACK HOLE PHYSICS, STARS: INDIVIDUAL ALPHANUMERIC: 4U 1630-47, X-RAYS: STARS},
     year = 1998,
    month = feb,
   volume = 494,
    pages = {747},
      doi = {10.1086/305240},
   adsurl = {http://adsabs.harvard.edu/abs/1998ApJ...494..747T},
  adsnote = {Provided by the SAO/NASA Astrophysics Data System}
}



@ARTICLE{ueda1998,
   author = {{Ueda}, Y. and {Inoue}, H. and {Tanaka}, Y. and {Ebisawa}, K. and 
	{Nagase}, F. and {Kotani}, T. and {Gehrels}, N.},
    title = "{Detection of Absorption-Line Features in the X-Ray Spectra of the Galactic Superluminal Source GRO J1655-40}",
  journal = {\apj},
 keywords = {STARS: INDIVIDUAL ALPHANUMERIC: GRO J1655-40, X-RAYS: STARS},
     year = 1998,
    month = jan,
   volume = 492,
    pages = {782},
      doi = {10.1086/305063},
   adsurl = {http://adsabs.harvard.edu/abs/1998ApJ...492..782U},
  adsnote = {Provided by the SAO/NASA Astrophysics Data System}
}

@ARTICLE{ueda2001,
   author = {{Ueda}, Y. and {Asai}, K. and {Yamaoka}, K. and {Dotani}, T. and 
	{Inoue}, H.},
    title = "{Discovery of an Iron K Absorption Line in the Low-Mass X-Ray Binary GX 13+1}",
  journal = {\apjl},
 keywords = {Stars: Individual: Alphanumeric: GX 13+1, X-Rays: Stars},
     year = 2001,
    month = aug,
   volume = 556,
    pages = {L87-L90},
      doi = {10.1086/323007},
   adsurl = {http://adsabs.harvard.edu/abs/2001ApJ...556L..87U},
  adsnote = {Provided by the SAO/NASA Astrophysics Data System}
}

@ARTICLE{white82,
   author = {{White}, N.~E. and {Swank}, J.~H.},
    title = "{The discovery of 50 minute periodic absorption events from 4U 1915-05}",
  journal = {\apjl},
 keywords = {BINARY STARS, BURSTS, X RAY SOURCES, ABSORPTION SPECTRA, STELLAR MASS ACCRETION, WHITE DWARF STARS, X RAY ABSORPTION},
     year = 1982,
    month = feb,
   volume = 253,
    pages = {L61-L66},
      doi = {10.1086/183737},
   adsurl = {http://adsabs.harvard.edu/abs/1982ApJ...253L..61W},
  adsnote = {Provided by the SAO/NASA Astrophysics Data System}
}


@ARTICLE{yamaoka2001,
   author = {{Yamaoka}, K. and {Ueda}, Y. and {Inoue}, H. and {Nagase}, F. and 
	{Ebisawa}, K. and {Kotani}, T. and {Tanaka}, Y. and {Zhang}, S.~N.
	},
    title = "{ASCA Observation of the Superluminal Jet Source GRO J1655-40 in the 1997 Outburst}",
  journal = {\pasj},
 keywords = {ACCRETION, ACCRETION DISKS, BINARIES: CLOSE, STARS: INDIVIDUAL (GRO J1655-40), X-RAYS: STARS},
     year = 2001,
    month = apr,
   volume = 53,
    pages = {179-188},
   adsurl = {http://adsabs.harvard.edu/abs/2001PASJ...53..179Y},
  adsnote = {Provided by the SAO/NASA Astrophysics Data System}
}



---------------------------------------

@ARTICLE{aldcroft1994,
   author = {{Aldcroft}, T.~L. and {Bechtold}, J. and {Elvis}, M.},
    title = "{MG II absorption in a sample of 56 steep-spectrum quasars}",
  journal = {\apjs},
     year = 1994,
    month = jul,
   volume = 93,
    pages = {1-46},
      doi = {10.1086/192044},
   adsurl = {http://esoads.eso.org/cgi-bin/nph-bib_query?bibcode=1994ApJS...93....1A&db_key=AST},
  adsnote = {Provided by the Smithsonian/NASA Astrophysics Data System}
}

@ARTICLE{arav2001,
   author = {{Arav}, N. and {Brotherton}, M.~S. and {Becker}, R.~H. and {Gregg}, M.~D. and 
	{White}, R.~L. and {Price}, T. and {Hack}, W.},
    title = "{The Intrinsic Absorber in QSO 2359-1241: Keck and HUBBLE SPACE TELESCOPE Observations}",
  journal = {\apj},
   eprint = {arXiv:astro-ph/0008259},
 keywords = {Galaxies: Quasars: Absorption Lines, Galaxies: Quasars: Individual: Alphanumeric: QSO J2359-1241},
     year = 2001,
    month = jan,
   volume = 546,
    pages = {140-149},
      doi = {10.1086/318244},
   adsurl = {http://adsabs.harvard.edu/abs/2001ApJ...546..140A},
  adsnote = {Provided by the SAO/NASA Astrophysics Data System}
}

@ARTICLE{bautista2010,
   author = {{Bautista}, M.~A. and {Dunn}, J.~P. and {Arav}, N. and {Korista}, K.~T. and 
	{Moe}, M. and {Benn}, C.},
    title = "{Distance to Multiple Kinematic Components of Quasar Outflows: Very Large Telescope Observations of QSO 2359-1241 and SDSS J0318-0600}",
  journal = {\apj},
archivePrefix = "arXiv",
   eprint = {1003.0970},
 keywords = {galaxies: active, quasars: absorption lines, ultraviolet: galaxies },
     year = 2010,
    month = apr,
   volume = 713,
    pages = {25-31},
      doi = {10.1088/0004-637X/713/1/25},
   adsurl = {http://adsabs.harvard.edu/abs/2010ApJ...713...25B},
  adsnote = {Provided by the SAO/NASA Astrophysics Data System}
}


@ARTICLE{bechtold2003,
   author = {{Bechtold}, J. and {Siemiginowska}, A. and {Shields}, J. and 
	{Czerny}, B. and {Janiuk}, A. and {Hamann}, F. and {Aldcroft}, T.~L. and 
	{Elvis}, M. and {Dobrzycki}, A.},
    title = "{Chandra Survey of Radio-quiet, High-Redshift Quasars}",
  journal = {\apj},
   eprint = {arXiv:astro-ph/0204462},
 keywords = {Accretion, Accretion Disks, Galaxies: Intergalactic Medium, Galaxies: Quasars: General, X-Rays: Galaxies},
     year = 2003,
    month = may,
   volume = 588,
    pages = {119-127},
      doi = {10.1086/378724},
   adsurl = {http://adsabs.harvard.edu/abs/2003ApJ...588..119B},
  adsnote = {Provided by the SAO/NASA Astrophysics Data System}
}

@ARTICLE{begelman1990,
   author = {{Begelman}, M.~C. and {McKee}, C.~F.},
    title = "{Global effects of thermal conduction on two-phase media}",
  journal = {\apj},
     year = 1990,
    month = aug,
   volume = 358,
    pages = {375-391},
      doi = {10.1086/168994},
   adsurl = {http://adsabs.harvard.edu/cgi-bin/nph-bib_query?bibcode=1990ApJ...358..375B&db_key=AST},
  adsnote = {Provided by the Smithsonian/NASA Astrophysics Data System}
}

@ARTICLE{blustin2005,
   author = {{Blustin}, A.~J. and {Page}, M.~J. and {Fuerst}, S.~V. and {Branduardi-Raymont}, G. and {Ashton}, C.~E.},
    title = "{The nature and origin of Seyfert warm absorbers}",
  journal = {\aap},
   eprint = {astro-ph/0411297},
     year = 2005,
    month = feb,
   volume = 431,
    pages = {111-125},
      doi = {10.1051/0004-6361:20041775},
   adsurl = {http://adsabs.harvard.edu/cgi-bin/nph-bib_query?bibcode=2005A%26A...431..111B&db_key=AST},
  adsnote = {Provided by the Smithsonian/NASA Astrophysics Data System}
}

@ARTICLE{cha2009,
   author = {{Chakravorty}, S. and {Kembhavi}, A.~K. and {Elvis}, M. and 
	{Ferland}, G.},
    title = "{Properties of warm absorbers in active galaxies: a systematic stability curve analysis}",
  journal = {\mnras},
archivePrefix = "arXiv",
   eprint = {0811.2404},
 keywords = {ISM: abundances , galaxies: active , quasars: absorption lines , galaxies: Seyfert , X-rays: ISM},
     year = 2009,
    month = feb,
   volume = 393,
    pages = {83-98},
      doi = {10.1111/j.1365-2966.2008.14249.x},
   adsurl = {http://adsabs.harvard.edu/abs/2009MNRAS.393...83C},
  adsnote = {Provided by the SAO/NASA Astrophysics Data System}
}

@ARTICLE{crenshaw1999,
   author = {{Crenshaw}, D.~M. and {Kraemer}, S.~B. and {Boggess}, A. and 
	{Maran}, S.~P. and {Mushotzky}, R.~F. and {Wu}, {C.-C.}},
    title = "{Intrinsic Absorption Lines in Seyfert 1 Galaxies. I. Ultraviolet Spectra from the Hubble Space Telescope}",
  journal = {\apj},
   eprint = {arXiv:astro-ph/9812265},
 keywords = {GALAXIES: SEYFERT, LINE: IDENTIFICATION, ULTRAVIOLET: GALAXIES},
     year = 1999,
    month = may,
   volume = 516,
    pages = {750-768},
      doi = {10.1086/307144},
   adsurl = {http://adsabs.harvard.edu/abs/1999ApJ...516..750C},
  adsnote = {Provided by the SAO/NASA Astrophysics Data System}
}


@ARTICLE{crenshaw2003,
   author = {{Crenshaw}, D.~M. and {Kraemer}, S.~B. and {Gabel}, J.~R. and 
	{Kaastra}, J.~S. and {Steenbrugge}, K.~C. and {Brinkman}, A.~C. and 
	{Dunn}, J.~P. and {George}, I.~M. and {Liedahl}, D.~A. and {Paerels}, F.~B.~S. and 
	{Turner}, T.~J. and {Yaqoob}, T.},
    title = "{Simultaneous Ultraviolet and X-Ray Spectroscopy of the Seyfert 1 Galaxy NGC 5548. I. Physical Conditions in the Ultraviolet Absorbers}",
  journal = {\apj},
   eprint = {astro-ph/0305154},
     year = 2003,
    month = sep,
   volume = 594,
    pages = {116-127},
      doi = {10.1086/376792},
   adsurl = {http://adsabs.harvard.edu/cgi-bin/nph-bib_query?bibcode=2003ApJ...594..116C&db_key=AST},
  adsnote = {Provided by the Smithsonian/NASA Astrophysics Data System}
}

@ARTICLE{dobrzycki1999,
   author = {{Dobrzycki}, A. and {Engels}, D. and {Hagen}, H.-J.},
    title = "{HS 1603+3820: a bright z\_em=2.51 quasar with a very rich heavy element absorption spectrum}",
  journal = {\aap},
     year = 1999,
    month = sep,
   volume = 349,
    pages = {L29-L33},
   adsurl = {http://esoads.eso.org/cgi-bin/nph-bib_query?bibcode=1999A%26A...349L..29D&db_key=AST},
  adsnote = {Provided by the Smithsonian/NASA Astrophysics Data System}
}

@ARTICLE{dobrzycki1996,
   author = {{Dobrzycki}, A. and {Engels}, D. and {Hagen}, H.-J. and {Elvis}, M. and 
	{Huchra}, J. and {Reimers}, D.},
    title = "{The Hamburg-CfA Quasar Survey}",
  journal = {BAAS},
     year = 1996,
    month = may,
   volume = 28,
    pages = {829-+},
   adsurl = {http://esoads.eso.org/cgi-bin/nph-bib_query?bibcode=1996AAS...188.0602D&db_key=AST},
  adsnote = {Provided by the Smithsonian/NASA Astrophysics Data System}
}

@ARTICLE{dobrzycki2007,
   author = {{Dobrzycki}, A. and {Niko{\l }ajuk}, M. and {Bechtold}, J. and {Ebeling}, H. and 
	{Czerny}, B. and {R{\'o}{\.z}a{\'n}ska}, A.},
    title = "{Absorption spectrum of the quasar HS1603+3820. I. Observations and data analysis}",
  journal = {\aap},
archivePrefix = "arXiv",
   eprint = {0710.0647},
 keywords = {quasars: absorption lines, quasars: individual: HS1603+3820},
     year = 2007,
    month = dec,
   volume = 476,
    pages = {1205-1217},
      doi = {10.1051/0004-6361:20077342},
   adsurl = {http://adsabs.harvard.edu/abs/2007A%26A...476.1205D},
  adsnote = {Provided by the SAO/NASA Astrophysics Data System}
}

@ARTICLE{dumont2000,
   author = {{Dumont}, A.-M. and {Abrassart}, A. and {Collin}, S.},
    title = "{A code for optically thick and hot photoionized media}",
  journal = {\aap},
   eprint = {astro-ph/0003220},
     year = 2000,
    month = may,
   volume = 357,
    pages = {823-838},
   adsurl = {http://adsabs.harvard.edu/cgi-bin/nph-bib_query?bibcode=2000A%26A...357..823D&db_key=AST},
  adsnote = {Provided by the Smithsonian/NASA Astrophysics Data System}
}

@ARTICLE{dunn2010,
   author = {{Dunn}, J.~P. and {Bautista}, M. and {Arav}, N. and {Moe}, M. and 
	{Korista}, K. and {Costantini}, E. and {Benn}, C. and {Ellison}, S. and 
	{Edmonds}, D.},
    title = "{The Quasar Outflow Contribution to AGN Feedback: VLT Measurements of SDSS J0318-0600}",
  journal = {\apj},
archivePrefix = "arXiv",
   eprint = {0911.3896},
 keywords = {quasars: absorption lines, quasars: individual: SDSS J0318-0600},
     year = 2010,
    month = feb,
   volume = 709,
    pages = {611-631},
      doi = {10.1088/0004-637X/709/2/611},
   adsurl = {http://adsabs.harvard.edu/abs/2010ApJ...709..611D},
  adsnote = {Provided by the SAO/NASA Astrophysics Data System}
}


@ARTICLE{ferland1996,
   author = {{Ferland}, G.},
    title = "{Hazy, a Brief Introduction to Cloudy, University of Kentucky}",
  journal = {Department of Physics and Astronomy Internal Report  },
     year = 1996,
    month = mar,
   volume = 1,
    pages = {1-13},
}

@ARTICLE{field1965,
   author = {{Field}, G.~B.},
    title = "{Thermal Instability.}",
  journal = {\apj},
     year = 1965,
    month = aug,
   volume = 142,
    pages = {531-+},
   adsurl = {http://adsabs.harvard.edu/cgi-bin/nph-bib_query?bibcode=1965ApJ...142..531F&db_key=AST},
  adsnote = {Provided by the Smithsonian/NASA Astrophysics Data System}
}

@ARTICLE{fiore1998,
   author = {{Fiore}, F. and {Elvis}, M. and {Giommi}, P. and {Padovani}, P.
	},
    title = "{X-Ray Spectral Survey of WGACAT Quasars. I. Spectral Evolution and Low-Energy Cutoffs}",
  journal = {\apj},
   eprint = {1997astro.ph..8049F},
     year = 1998,
    month = jan,
   volume = 492,
    pages = {79-+},
      doi = {10.1086/305024},
   adsurl = {http://esoads.eso.org/cgi-bin/nph-bib_query?bibcode=1998ApJ...492...79F&db_key=AST},
  adsnote = {Provided by the Smithsonian/NASA Astrophysics Data System}
}

@ARTICLE{gabel2003,
   author = {{Gabel}, J.~R. and {Crenshaw}, D.~M. and {Kraemer}, S.~B. and 
	{Brandt}, W.~N. and {George}, I.~M. and {Hamann}, F.~W. and 
	{Kaiser}, M.~E. and {Kaspi}, S. and {Kriss}, G.~A. and {Mathur}, S. and 
	{Mushotzky}, R.~F. and {Nandra}, K. and {Netzer}, H. and {Peterson}, B.~M. and 
	{Shields}, J.~C. and {Turner}, T.~J. and {Zheng}, W.},
    title = "{The Ionized Gas and Nuclear Environment in NGC 3783. II. Averaged Hubble Space Telescope/STIS and Far Ultraviolet Spectroscopic Explorer Spectra}",
  journal = {\apj},
   eprint = {arXiv:astro-ph/0209484},
     year = 2003,
    month = jan,
   volume = 583,
    pages = {178-191},
      doi = {10.1086/345096},
   adsurl = {http://adsabs.harvard.edu/abs/2003ApJ...583..178G},
  adsnote = {Provided by the SAO/NASA Astrophysics Data System}
}


@ARTICLE{gabel2005,
   author = {{Gabel}, J.~R. and {Kraemer}, S.~B. and {Crenshaw}, D.~M. and 
	{George}, I.~M. and {Brandt}, W.~N. and {Hamann}, F.~W. and 
	{Kaiser}, M.~E. and {Kaspi}, S. and {Kriss}, G.~A. and {Mathur}, S. and 
	{Nandra}, K. and {Netzer}, H. and {Peterson}, B.~M. and {Shields}, J.~C. and 
	{Turner}, T.~J. and {Zheng}, W.},
    title = "{The Ionized Gas and Nuclear Environment in NGC 3783. V. Variability and Modeling of the Intrinsic Ultraviolet Absorption}",
  journal = {\apj},
   eprint = {astro-ph/0506323},
     year = 2005,
    month = oct,
   volume = 631,
    pages = {741-761},
      doi = {10.1086/432682},
   adsurl = {http://adsabs.harvard.edu/cgi-bin/nph-bib_query?bibcode=2005ApJ...631..741G&db_key=AST},
  adsnote = {Provided by the Smithsonian/NASA Astrophysics Data System}
}

@INPROCEEDINGS{grevesse89,
   author = {{Grevesse}, N. and {Anders}, E.},
    title = "{Solar-system abundances of the elements - A new table}",
 keywords = {ABUNDANCE, CHEMICAL COMPOSITION, SOLAR SYSTEM, METEORITES, PHOTOSPHERE, SOLAR CORONA, TABLES (DATA)},
booktitle = {Cosmic Abundances of Matter},
     year = 1989,
   series = {American Institute of Physics Conference Series},
   volume = 183,
   editor = "{C.~J.~Waddington}",
    pages = {1-8},
      doi = {10.1063/1.38013},
   adsurl = {http://adsabs.harvard.edu/abs/1989AIPC..183....1G},
  adsnote = {Provided by the SAO/NASA Astrophysics Data System}
}

@INPROCEEDINGS{grevesse93,
   author = {{Grevesse}, N. and {Noels}, A.},
    title = "{Cosmic abundances of the elements.}",
 keywords = {Solar System: Element Abundances},
booktitle = {Origin and Evolution of the Elements},
     year = 1993,
   editor = "{N.~Prantzos, E.~Vangioni-Flam, \& M.~Casse}",
    month = jan,
    pages = {15-25},
   adsurl = {http://adsabs.harvard.edu/abs/1993oee..conf...15G},
  adsnote = {Provided by the SAO/NASA Astrophysics Data System}
}


@ARTICLE{hagen1995,
   author = {{Hagen}, H.-J. and {Groote}, D. and {Engels}, D. and {Reimers}, D.
	},
    title = "{The Hamburg Quasar Survey. I. Schmidt observations and plate digitization.}",
  journal = {\aaps},
     year = 1995,
    month = may,
   volume = 111,
    pages = {195-+},
   adsurl = {http://adsabs.harvard.edu/cgi-bin/nph-bib_query?bibcode=1995A%26AS..111..195H&db_key=AST},
  adsnote = {Provided by the Smithsonian/NASA Astrophysics Data System}
}

@ARTICLE{korista2008,
   author = {{Korista}, K.~T. and {Bautista}, M.~A. and {Arav}, N. and {Moe}, M. and 
	{Costantini}, E. and {Benn}, C.},
    title = "{Physical Conditions in Quasar Outflows: Very Large Telescope Observations of QSO 2359-1241}",
  journal = {\apj},
archivePrefix = "arXiv",
   eprint = {0807.0230},
 keywords = {Galaxies: Quasars: Absorption Lines, quasars: individual (QSO 2359-1241)},
     year = 2008,
    month = nov,
   volume = 688,
    pages = {108-115},
      doi = {10.1086/592140},
   adsurl = {http://adsabs.harvard.edu/abs/2008ApJ...688..108K},
  adsnote = {Provided by the SAO/NASA Astrophysics Data System}
}


@ARTICLE{kaastra2002,
   author = {{Kaastra}, J.~S. and {Steenbrugge}, K.~C. and {Raassen}, A.~J.~J. and 
	{van der Meer}, R.~L.~J. and {Brinkman}, A.~C. and {Liedahl}, D.~A. and 
	{Behar}, E. and {de Rosa}, A.},
    title = "{X-ray spectroscopy of NGC 5548}",
  journal = {\aap},
   eprint = {astro-ph/0202481},
     year = 2002,
    month = may,
   volume = 386,
    pages = {427-445},
      doi = {10.1051/0004-6361:20020235},
   adsurl = {http://adsabs.harvard.edu/cgi-bin/nph-bib_query?bibcode=2002A%26A...386..427K&db_key=AST},
  adsnote = {Provided by the Smithsonian/NASA Astrophysics Data System}
}

@ARTICLE{kraemer2006,
   author = {{Kraemer}, S.~B. and {Crenshaw}, D.~M. and {Gabel}, J.~R. and 
	{Kriss}, G.~A. and {Netzer}, H. and {Peterson}, B.~M. and {George}, I.~M. and 
	{Gull}, T.~R. and {Hutchings}, J.~B. and {Mushotzky}, R.~F. and 
	{Turner}, T.~J.},
    title = "{Simultaneous Ultraviolet and X-Ray Observations of the Seyfert Galaxy NGC 4151. II. Physical Conditions in the UV Absorbers}",
  journal = {\apjs},
   eprint = {arXiv:astro-ph/0608383},
 keywords = {Galaxies: Individual: NGC Number: NGC 4151, Galaxies: Seyfert, Ultraviolet: Galaxies},
     year = 2006,
    month = dec,
   volume = 167,
    pages = {161-176},
      doi = {10.1086/508629},
   adsurl = {http://adsabs.harvard.edu/abs/2006ApJS..167..161K},
  adsnote = {Provided by the SAO/NASA Astrophysics Data System}
}

@ARTICLE{krolik1995,
   author = {{Krolik}, J.~H. and {Kriss}, G.~A.},
    title = "{Observable Properties of X-Ray--heated Winds in Active Galactic Nuclei: Warm Reflectors and Warm Absorbers}",
  journal = {\apj},
   eprint = {arXiv:astro-ph/9501089},
 keywords = {GALAXIES: ACTIVE, GALAXIES: NUCLEI, RADIATION MECHANISMS: NONTHERMAL, X-RAYS: GALAXIES},
     year = 1995,
    month = jul,
   volume = 447,
    pages = {512-+},
      doi = {10.1086/175896},
   adsurl = {http://adsabs.harvard.edu/abs/1995ApJ...447..512K},
  adsnote = {Provided by the SAO/NASA Astrophysics Data System}
}

@ARTICLE{krongold2005,
   author = {{Krongold}, Y. and {Nicastro}, F. and {Brickhouse}, N.~S. and 
	{Elvis}, M. and {Mathur}, S.},
    title = "{Opacity Variations in the Ionized Absorption in NGC 3783: A Compact Absorber}",
  journal = {\apj},
   eprint = {astro-ph/0411554},
     year = 2005,
    month = apr,
   volume = 622,
    pages = {842-846},
      doi = {10.1086/427621},
   adsurl = {http://adsabs.harvard.edu/cgi-bin/nph-bib_query?bibcode=2005ApJ...622..842K&db_key=AST},
  adsnote = {Provided by the Smithsonian/NASA Astrophysics Data System}
}

@ARTICLE{krolik1981,
   author = {{Krolik}, J.~H. and {McKee}, C.~F. and {Tarter}, C.~B.},
    title = "{Two-phase models of quasar emission line regions}",
  journal = {\apj},
     year = 1981,
    month = oct,
   volume = 249,
    pages = {422-442},
      doi = {10.1086/159303},
   adsurl = {http://adsabs.harvard.edu/cgi-bin/nph-bib_query?bibcode=1981ApJ...249..422K&db_key=AST},
  adsnote = {Provided by the Smithsonian/NASA Astrophysics Data System}
}

@ARTICLE{karen2004,
   author = {{Leighly}, K.~M.},
    title = "{Hubble Space Telescope STIS Ultraviolet Spectral Evidence of Outflow in Extreme Narrow-Line Seyfert 1 Galaxies. II. Modeling and Interpretation}",
  journal = {\apj},
   eprint = {astro-ph/0402452},
     year = 2004,
    month = aug,
   volume = 611,
    pages = {125-152},
      doi = {10.1086/422089},
   adsurl = {http://adsabs.harvard.edu/cgi-bin/nph-bib_query?bibcode=2004ApJ...611..125L&db_key=AST},
  adsnote = {Provided by the Smithsonian/NASA Astrophysics Data System}
}

@ARTICLE{kaspi2001,
   author = {{Kaspi}, S. and {Brandt}, W.~N. and {Netzer}, H. and {George}, I.~M. and 
	{Chartas}, G. and {Behar}, E. and {Sambruna}, R.~M. and {Garmire}, G.~P. and 
	{Nousek}, J.~A.},
    title = "{High-Resolution X-Ray Spectroscopy and Modeling of the Absorbing and Emitting Outflow in NGC 3783}",
  journal = {\apj},
   eprint = {arXiv:astro-ph/0101540},
     year = 2001,
    month = jun,
   volume = 554,
    pages = {216-232},
      doi = {10.1086/321333},
   adsurl = {http://adsabs.harvard.edu/abs/2001ApJ...554..216K},
  adsnote = {Provided by the SAO/NASA Astrophysics Data System}
}

@ARTICLE{mathews1987,
   author = {{Mathews}, W.~G. and {Ferland}, G.~J.},
    title = "{What heats the hot phase in active nuclei?}",
  journal = {\apj},
 keywords = {ACTIVE GALACTIC NUCLEI, ASTRONOMICAL SPECTROSCOPY, COMPTON EFFECT, EMISSION SPECTRA, FAR INFRARED RADIATION, INTERSTELLAR GAS, MOLECULAR CLOUDS, PHOTOIONIZATION, QUASARS, SEYFERT GALAXIES, X RAY SPECTRA},
     year = 1987,
    month = dec,
   volume = 323,
    pages = {456-467},
      doi = {10.1086/165843},
   adsurl = {http://adsabs.harvard.edu/abs/1987ApJ...323..456M},
  adsnote = {Provided by the SAO/NASA Astrophysics Data System}
}


@ARTICLE{moe2009,
   author = {{Moe}, M. and {Arav}, N. and {Bautista}, M.~A. and {Korista}, K.~T.
	},
    title = "{Quasar Outflow Contribution to AGN Feedback: Observations of QSO SDSS J0838+2955}",
  journal = {\apj},
archivePrefix = "arXiv",
   eprint = {0911.3332},
 keywords = {galaxies: evolution, quasars: absorption lines, quasars: individual: SDSS J0838 + 2955},
     year = 2009,
    month = nov,
   volume = 706,
    pages = {525-534},
      doi = {10.1088/0004-637X/706/1/525},
   adsurl = {http://adsabs.harvard.edu/abs/2009ApJ...706..525M},
  adsnote = {Provided by the SAO/NASA Astrophysics Data System}
}


@ARTICLE{misawa2005,
   author = {{Misawa}, T. and {Eracleous}, M. and {Charlton}, J.~C. and {Tajitsu}, A.
	},
    title = "{Time-Variable Complex Metal Absorption Lines in the Quasar HS 1603+3820}",
  journal = {\apj},
     year = 2005,
    month = aug,
   volume = 629,
    pages = {115-130},
      doi = {10.1086/431342},
   adsurl = {http://esoads.eso.org/cgi-bin/nph-bib_query?bibcode=2005ApJ...629..115M&db_key=AST},
  adsnote = {Provided by the Smithsonian/NASA Astrophysics Data System}
}

@ARTICLE{misawa2003,
   author = {{Misawa}, T. and {Yamada}, T. and {Takada-Hidai}, M. and {Wang}, Y. and 
	{Kashikawa}, N. and {Iye}, M. and {Tanaka}, I.},
    title = "{Subaru High-Resolution Spectroscopy of Complex Metal Absorption Lines of the Quasar HS 1603+3820}",
  journal = {\aj},
     year = 2003,
    month = mar,
   volume = 125,
    pages = {1336-1344},
      doi = {10.1086/346276},
   adsurl = {http://esoads.eso.org/cgi-bin/nph-bib_query?bibcode=2003AJ....125.1336M&db_key=AST},
  adsnote = {Provided by the Smithsonian/NASA Astrophysics Data System}
}

@ARTICLE{narayan94,
   author = {{Narayan}, R. and {Yi}, I.},
    title = "{Advection-dominated accretion: A self-similar solution}",
  journal = {\apjl},
   eprint = {astro-ph/9403052},
 keywords = {Accretion Disks, Advection, Astronomical Models, Black Holes (Astronomy), Cooling Flows (Astrophysics), Stellar Mass Accretion, Viscous Flow, Hydrodynamics, Rotating Disks, Two Dimensional Flow},
     year = 1994,
    month = jun,
   volume = 428,
    pages = {L13-L16},
      doi = {10.1086/187381},
   adsurl = {http://adsabs.harvard.edu/abs/1994ApJ...428L..13N},
  adsnote = {Provided by the SAO/NASA Astrophysics Data System}
}


@ARTICLE{narayanan2004,
   author = {{Narayanan}, D. and {Hamann}, F. and {Barlow}, T. and {Burbidge}, E.~M. and 
	{Cohen}, R.~D. and {Junkkarinen}, V. and {Lyons}, R.},
    title = "{Variability Tests for Intrinsic Absorption Lines in Quasar Spectra}",
  journal = {\apj},
   eprint = {arXiv:astro-ph/0310469},
 keywords = {Line: Formation, Galaxies: Quasars: Absorption Lines, Galaxies: Quasars: General},
     year = 2004,
    month = feb,
   volume = 601,
    pages = {715-722},
      doi = {10.1086/380781},
   adsurl = {http://adsabs.harvard.edu/abs/2004ApJ...601..715N},
  adsnote = {Provided by the SAO/NASA Astrophysics Data System}
}


@ARTICLE{netzer2003,
   author = {{Netzer}, H. and {Kaspi}, S. and {Behar}, E. and {Brandt}, W.~N. and 
	{Chelouche}, D. and {George}, I.~M. and {Crenshaw}, D.~M. and 
	{Gabel}, J.~R. and {Hamann}, F.~W. and {Kraemer}, S.~B. and 
	{Kriss}, G.~A. and {Nandra}, K. and {Peterson}, B.~M. and {Shields}, J.~C. and 
	{Turner}, T.~J.},
    title = "{The Ionized Gas and Nuclear Environment in NGC 3783. IV. Variability and Modeling of the 900 Kilosecond Chandra Spectrum}",
  journal = {\apj},
   eprint = {arXiv:astro-ph/0309096},
     year = 2003,
    month = dec,
   volume = 599,
    pages = {933-948},
      doi = {10.1086/379508},
   adsurl = {http://adsabs.harvard.edu/abs/2003ApJ...599..933N},
  adsnote = {Provided by the SAO/NASA Astrophysics Data System}
}


@ARTICLE{nicastro1999,
   author = {{Nicastro}, F. and {Fiore}, F. and {Perola}, G.~C. and {Elvis}, M.
	},
    title = "{Ionized Absorbers in Active Galactic Nuclei: The Role of Collisional Ionization and Time-evolving Photoionization}",
  journal = {\apj},
   eprint = {arXiv:astro-ph/9808316},
 keywords = {ATOMIC PROCESSES, GALAXIES: ACTIVE, GALAXIES: SEYFERT, X-RAYS: GALAXIES},
     year = 1999,
    month = feb,
   volume = 512,
    pages = {184-196},
      doi = {10.1086/306736},
   adsurl = {http://adsabs.harvard.edu/abs/1999ApJ...512..184N},
  adsnote = {Provided by the SAO/NASA Astrophysics Data System}
}

@ARTICLE{reeves2000,
   author = {{Reeves}, J.~N. and {Turner}, M.~J.~L.},
    title = "{X-ray spectra of a large sample of quasars with ASCA}",
  journal = {\mnras},
   eprint = {2000astro.ph..3080R},
     year = 2000,
    month = aug,
   volume = 316,
    pages = {234-248},
   adsurl = {http://esoads.eso.org/cgi-bin/nph-bib_query?bibcode=2000MNRAS.316..234R&db_key=AST},
  adsnote = {Provided by the Smithsonian/NASA Astrophysics Data System}
}

@ARTICLE{rozanska1999,
   author = {{R{\'o}{\.z}a{\'n}ska}, A.},
    title = "{Thermal conduction between an accretion disc and a corona in active galactic nuclei: vertical structure of the transition layer}",
  journal = {\mnras},
     year = 1999,
    month = sep,
   volume = 308,
    pages = {751-762},
   adsurl = {http://adsabs.harvard.edu/cgi-bin/nph-bib_query?bibcode=1999MNRAS.308..751R&db_key=AST},
  adsnote = {Provided by the Smithsonian/NASA Astrophysics Data System}
}

@ARTICLE{rozanska2006,
   author = {{R{\'o}{\.z}a{\'n}ska}, A. and {Goosmann}, R. and {Dumont}, A.-M. and 
	{Czerny}, B.},
    title = "{Modeling the warm absorber in active galactic nuclei}",
  journal = {\aap},
     year = 2006,
    month = jun,
   volume = 452,
    pages = {1-13},
      doi = {10.1051/0004-6361:20052723},
   adsurl = {http://adsabs.harvard.edu/cgi-bin/nph-bib_query?bibcode=2006A%26A...452....1R&db_key=AST},
  adsnote = {Provided by the Smithsonian/NASA Astrophysics Data System}
}

@ARTICLE{rozanska2008,
   author = {{R{\'o}{\.z}a{\'n}ska}, A. and {Kowalska}, I. and {Gon{\c c}alves}, A.~C.
	},
    title = "{How to estimate the distance to the warm absorber in AGN from photoionized models}",
  journal = {\aap},
 keywords = {Atomic processes, radiative transfer, galaxies: active, ultraviolet: galaxies, X-rays: galaxies},
     year = 2008,
    month = sep,
   volume = 487,
    pages = {895-900},
      doi = {10.1051/0004-6361:200809549},
   adsurl = {http://adsabs.harvard.edu/abs/2008A%26A...487..895R},
  adsnote = {Provided by the SAO/NASA Astrophysics Data System}
}

@ARTICLE{scott2000,
   author = {{Scott}, J. and {Bechtold}, J. and {Dobrzycki}, A. and {Kulkarni}, V.~P.
	},
    title = "{A Uniform Analysis of the Ly{$\alpha$} Forest at z=0-5. II. Measuring the Mean Intensity of the Extragalactic Ionizing Background Using the Proximity Effect}",
  journal = {\apjs},
   eprint = {arXiv:astro-ph/0004155},
 keywords = {Cosmology: Diffuse Radiation, Galaxies: Intergalactic Medium, Galaxies: Quasars: Absorption Lines},
     year = 2000,
    month = sep,
   volume = 130,
    pages = {67-89},
      doi = {10.1086/317340},
   adsurl = {http://adsabs.harvard.edu/abs/2000ApJS..130...67S},
  adsnote = {Provided by the SAO/NASA Astrophysics Data System}
}



@ARTICLE{scott2005,
   author = {{Scott}, J.~E. and {Kriss}, G.~A. and {Lee}, J.~C. and {Quijano}, J.~K. and 
	{Brotherton}, M. and {Canizares}, C.~R. and {Green}, R.~F. and 
	{Hutchings}, J. and {Kaiser}, M.~E. and {Marshall}, H. and {Oegerle}, W. and 
	{Ogle}, P. and {Zheng}, W.},
    title = "{Intrinsic Absorption in the Spectrum of NGC 7469: Simultaneous Chandra, FUSE, and STIS Observations}",
  journal = {\apj},
   eprint = {astro-ph/0509349},
     year = 2005,
    month = nov,
   volume = 634,
    pages = {193-209},
      doi = {10.1086/496911},
   adsurl = {http://adsabs.harvard.edu/cgi-bin/nph-bib_query?bibcode=2005ApJ...634..193S&db_key=AST},
  adsnote = {Provided by the Smithsonian/NASA Astrophysics Data System}
}

@ARTICLE{sheinis2002,
   author = {{Sheinis}, A.~I. and {Bolte}, M. and {Epps}, H.~W. and {Kibrick}, R.~I. and 
	{Miller}, J.~S. and {Radovan}, M.~V. and {Bigelow}, B.~C. and 
	{Sutin}, B.~M.},
    title = "{ESI, a New Keck Observatory Echellette Spectrograph and Imager}",
  journal = {\pasp},
   eprint = {astro-ph/0204297},
     year = 2002,
    month = aug,
   volume = 114,
    pages = {851-865},
   adsurl = {http://esoads.eso.org/cgi-bin/nph-bib_query?bibcode=2002PASP..114..851S&db_key=AST},
  adsnote = {Provided by the Smithsonian/NASA Astrophysics Data System}
}

@ARTICLE{torricelli1998,
   author = {{Torricelli-Ciamponi}, G. and {Courvoisier}, T.~J.-L.},
    title = "{Optically thin thermal emission from cold clouds in active galactic nuclei}",
  journal = {\aap},
     year = 1998,
    month = jul,
   volume = 335,
    pages = {881-893},
   adsurl = {http://adsabs.harvard.edu/cgi-bin/nph-bib_query?bibcode=1998A%26A...335..881T&db_key=AST},
  adsnote = {Provided by the Smithsonian/NASA Astrophysics Data System}
}

@ARTICLE{veron2006,
   author = {{V{\'{e}}ron-Cetty}, M.~P. and {V{\'{e}}ron}, P.},
    title = "{Quasars and Active Galactic Nuclei (12th Ed.) (Veron+ 2006)}",
  journal = {VizieR Online Data Catalog},
     year = 2006,
    month = mar,
   volume = 7248,
    pages = {0-+},
   adsurl = {http://esoads.eso.org/cgi-bin/nph-bib_query?bibcode=2006yCat.7248....0V&db_key=AST},
  adsnote = {Provided by the Smithsonian/NASA Astrophysics Data System}
}

@INPROCEEDINGS{weymann95,
   author = {{Weymann}, R.~J.},
    title = "{Broad Absorption Line Quasars: An Overview}",
booktitle = {QSO Absorption Lines},
     year = 1995,
   editor = "{G.~Meylan}",
    pages = {213-+},
   adsurl = {http://adsabs.harvard.edu/abs/1995qal..conf..213W},
  adsnote = {Provided by the SAO/NASA Astrophysics Data System}
}
